2534 4778
262 279 360 372 ort
548 293 828 360 ..ε-ΞΕ·-
995 295 1039 364 ,c
1061 295 1194 361 91-92.

204 506 625 598 busmodisdeceperat.
654 499 1195 600 AliaveroexparteregiOIa·

205 639 254 682 vo
265 611 367 682 haud
382 631 519 702 magna
535 627 620 697 spes
637 605 714 673 visa
730 620 797 693 est,
815 627 855 673 se
872 607 1101 698 Norvegiam
1119 607 1195 672 exi-

200 714 293 808 ,guis
332 709 449 800 copiis
480 726 667 797 occupare
698 728 828 796 posse,
868 708 990 778 donec
1023 707 1195 797 dynastae

204 827 311 900 tanta
337 823 551 902 potestate,
587 819 693 876 tanta
711 808 846 899 populi
871 809 991 902 gratia
1009 809 1198 893 valerent,

207 937 296 984 cum
324 911 418 980 adeo
450 909 615 978 arduum
638 907 777 990 suisset
802 909 934 999 piratis
957 909 1199 978 lomensibus

203 1013 321 1101 tantis
359 1011 497 1102 opibus
519 1024 677 1100 ,patrem
708 1023 747 1079 et
790 1009 915 1086 filium
947 1009 1198 1101 impugnare;

203 1138 278 1185 nec
297 1111 396 1182 ullos
410 1111 452 1179 in
472 1109 659 1203 Norvegia
683 1110 874 1202 cognovit,
901 1133 996 1201 quos
1013 1123 1083 1180 aut
1099 1109 1198 1178 velle

209 1230 275 1286 aut
306 1235 413 1303 posse
436 1211 604 1301 aliquam
627 1210 698 1279 sibi
739 1233 853 1301 opem
883 1211 983 1280 ferre
1017 1223 1224 1301 speraret,-

208 1338 297 1384 nam
320 1312 473 1406 cognati
491 1314 592 1400 ejus,
619 1334 713 1402 quos
731 1311 786 1383 ibi
806 1311 972 1382 habebat
995 1312 1142 1379 multos
1165 1324 1201 1377 et

208 1415 377 1501 nobiles,
400 1412 646 1504 ignorabant,
665 1427 795 1482 utrum
813 1413 855 1482 in
875 1411 967 1480 vivis
979 1426 1102 1501 essm,
1130 1430 1199 1478 nec

210 1539 272 1603 ne,
290 1513 458 1604 quamvis
477 1513 679 1582 anniculus
696 1512 785 1582 inda
798 1513 972 1598 abiissem
997 1527 1201 1604 postquam

210 1617 316 1700 enim
333 1613 504 1686 Sveciam
519 1614 702 1684 trimulus
722 1613 946 1704 reliquerat,
967 1615 1025 1682 nil
1044 1611 1142 1684 certi
1158 1611 1202 1680 de

210 1740 259 1786 eo
274 1716 523 1802 resciverant,
544 1737 635 1786 nam
651 1727 854 1806 postquam
870 1733 892 1784 e
909 1714 1045 1785 Gardis
1068 1713 1203 1782 disces·

211 1832 324 1904 serat,
347 1816 473 1906 pauci,
503 1829 547 1884 ut
567 1831 658 1886 ante
675 1830 871 1884 narratum
887 1831 965 1902 est,
1003 1815 1203 1907 integrum

213 1921 296 2004 ejus
319 1939 464 1984 nomen
486 1916 691 1984 sciverunt.
762 1917 830 1985 His
857 1918 1036 1986 omnibus
1062 1915 1204 2007 cogita·

214 2017 380 2102 tionibus
397 2015 553 2105 ductus,
579 2015 786 2104 intellexit,
819 2033 859 2086 se
879 2037 1043 2109 regnum
1062 2021 1205 2088 Norve·

214 2118 284 2212 gie
301 2138 527 2206 recuperare
549 2139 629 2188 non
646 2139 773 2206 posse,
801 2116 877 2187 nisi
905 2117 967 2186 dei
999 2115 1205 2186 clementis

215 2218 337 2308 tnagis
353 2238 466 2306 quam
482 2230 592 2286 antea
607 2217 792 2302 adjutum.
836 2217 937 2288 Hinc
954 2231 1079 2286 toturn
1092 2239 1208 2285 suum

218 2315 421 2386 consilium
435 2317 619 2406 potentiae
635 2317 936 2410 acprovidentias
955 2317 1018 2388 dei
1031 2315 1207 2407 omnipo·

216 2417 333 2488 tentis
351 2417 554 2490 commisit.
684 2493 687 2498 ,
1259 2408 1260 2502 l

448 2567 452 2574 .
473 2519 603 2600 Lodin
622 2517 947 2592 ernitAstridam.

220 2699 223 2710 ι
273 2615 369 2707 Cap)
388 2623 440 2698 92.
482 2623 564 2690 Jarn
581 2619 763 2691 narranda
786 2636 843 2690 eet
863 2643 944 2704 res,
973 2637 1057 2710 quae
1082 2618 1206 2688 multo

218 2716 325 2807 prius
344 2716 490 2788 accidit.
553 2713 619 2792 Vir
636 2733 720 2790 erat
745 2719 901 2790 nomine
918 2720 1073 2809 Lodin,
1104 2717 1207 2786 dives

189 2815 191 2820 ’
221 2831 260 2890 et
274 2841 413 2911 genere
432 2817 561 2890 nobili.
609 2819 680 2898 ille
698 2842 797 2910 sepe
810 2831 1077 2909 mercaturam,
1090 2818 1208 2886 inter-

220 2917 312 2986 dum
331 2941 419 2987 vero
441 2919 640 3010 piraticam
657 2919 838 2992 exercuit.
905 2920 1053 2992 Accidit
1077 2933 1206 2988 aestate

221 3018 379 3109 quadem
389 3067 410 3107 ‚a
437 3042 527 3090 cum
543 3021 668 3090 Lodin
678 3020 903 3117 ‚negotiandi
918 3023 1038 3114 gratia
1052 3021 1094 3089 in
1108 3032 1207 3088 trac-

218 3133 280 3188 tus
300 3120 502 3190 orientales
516 3121 838 3209 proficisceretur,
878 3137 921 3192 ut
937 3139 1051 3210 nave,
1089 3143 1207 3212 quam

219 3221 322 3292 solus
336 3220 565 3310 possidebat,
588 3223 723 3301 multis
743 3223 932 3292 mercibus
965 3235 1101 3292 onusta
1124 3243 1209 3290 vec-

221 3335 303 3408 ωε,
338 3319 624 3392 Vindlandiam¹
651 3336 820 3413 peteret,
857 3323 923 3393 ubi
947 3345 1017 3414 per
1038 3335 1209 3392 aestatem

222 3419 410 3490 nundinas
446 3421 716 3513 frequentavit.
795 3424 1035 3496 Durantibus
1074 3437 1209 3492 autem

222 3522 426 3610 nundinis,
481 3523 590 3592 variae
632 3547 678 3593 eo
705 3527 1068 3617 transportabantur
1110 3547 1210 3594 mer·

224 3644 303 3705 ces;
336 3625 460 3692 multa
476 3622 530 3695 ibi
545 3626 747 3714 prostitere
763 3627 986 3718 mancipia2.
1045 3623 1104 3694 Ibi
1121 3647 1211 3694 con-

131 3789 143 3808 ,
222 3724 346 3810 spexit
360 3723 485 3794 Lodin
501 3727 705 3796 mulierem
723 3728 933 3822 quandam,
967 3751 1050 3818 que
1065 3749 1212 3796 venun·

225 3821 308 3890 data
322 3822 457 3892 iuerat.
519 3829 572 3895 Ut
593 3842 722 3896 autem
749 3829 970 3899 intuebatur
990 3829 1210 3916 mulier-em,

226 3923 491 4016 cognovitesse
505 3925 693 3998 Astridarn
718 3927 838 3999 Eiriki
856 3929 991 4018 filiam,
1025 3951 1139 4022 quern
1171 3929 1212 3996 in

322 4030 488 4043 ...m-..—

225 4032 468 4124 TsEstoalsnm
495 4055 532 4119 ΙΙ,
567 4053 604 4121 G,
633 4057 664 4108 F.
705 4055 740 4123 ²)
759 4041 857 4128 »rorgii
877 4077 1020 4110 murman
1030 4060 1121 4129 felir,
1146 4059 1211 4128 (pro

212 4157 294 4223 'mort
312 4165 372 4198 man
381 4145 470 4224 solt),
488 4148 536 4216 td,
553 4149 590 4217 F,
609 4148 757 4224 ruuarffdllt,
775 4149 849 4202 multi
867 4169 899 4204 eo
918 4169 1013 4206 vortere
1030 4151 1162 4217 homiues,
1180 4150 1211 4198 B.
