2534 4778
245 276 333 368 182
531 253 806 330 ········'···
1057 289 1093 357 c.
1110 285 1165 354 es.

180 504 333 578 adeum
349 499 570 576 declinavitr
596 499 753 593 dynasta
778 523 868 571 vero
892 511 983 572 eum
1007 514 1174 594 utraque

180 629 299 678 manu
315 601 513 694 corripuit,
532 615 571 670 et
590 623 703 690 quam
718 601 925 672 arctissime
940 603 1080 692 tenuit,
1105 625 1174 671 ne-

182 731 258 799 que
275 727 363 777 sane
374 705 450 791 jam
468 703 611 772 viribus
628 718 708 772 erat
723 702 815 773 adeo
829 702 1000 778 infirmis.
1053 703 1176 774 Dein·

182 808 230 878 de
247 805 456 900 Sigvaldiue
472 825 558 874 suos
578 803 768 892 inclamat,
792 818 831 874 et
848 827 962 875 nares
979 825 1097 896 quam
1111 825 1176 872 ve·

180 905 469 984 hementissima
493 929 515 974 a
536 918 636 974 terra
657 906 877 996 propellere
905 905 1037 990 iubet,
1071 903 1177 995 quod
1253 903 1254 974 i

180 1007 237 1078 ita
250 1008 470 1078 factumest
522 1005 582 1075 sic
602 1005 841 1076 abduxerunt
851 1007 1029 1077 Svomem
1045 1025 1179 1100 regem

183 1132 274 1180 cum
293 1107 354 1178 his
369 1105 544 1202 triginta,
569 1105 635 1197 qui
652 1127 741 1176 cum
755 1129 801 1176 eo
819 1129 932 1178 naves
950 1105 1179 1176 conscende·
1253 1087 1254 1174 ss

182 1222 280 1296 rant,
295 1207 560 1298 omnireliquo
578 1205 761 1276 exercitu
756 1209 845 1296 ejus
865 1208 907 1276 in
923 1206 1036 1276 litore
1055 1229 1179 1276 rema·
1253 1183 1254 1282 i

184 1323 320 1396 nente,
356 1331 444 1378 cum
486 1309 602 1376 nulle
641 1322 771 1376 essent
795 1330 909 1378 naves
941 1307 1179 1399 propinqum·

186 1414 289 1484 Tum
305 1409 456 1478 locutus
478 1421 537 1476 est
559 1431 643 1476 rex:
677 1408 768 1499 quid
792 1431 895 1478 nunc
922 1408 979 1477 rei
996 1421 1070 1496 est,
1095 1407 1178 1502 sig·
1253 1401 1254 1480 ἶ

185 1509 304 1580 oaldi!
327 1505 400 1580 vita’
413 1509 595 1598 decipere
609 1509 693 1577 me?
715 1508 927 1606 Sigvaldius
952 1505 1178 1600 respondete
1253 1541 1254 1582 2

187 1611 277 1683 nolo
294 1623 334 1680 te
364 1609 559 1701 decipere,
595 1609 765 1698 sedtum
789 1609 862 1678 tibi
881 1631 1036 1680 mecum
1057 1612 1179 1678 Joms·
1253 1613 1254 1638 ¹

79 1733 84 1742 ¹
186 1712 356 1804 burgum
371 1709 695 1802 ‘proficiscendum
725 1723 801 1800 eet,
827 1723 867 1778 te
893 1731 985 1780 vero
1012 1721 1178 1800 tuosque
1253 1709 1254 1768 ἶ

187 1813 377 1900 omnibus,
394 1812 527 1902 quibus
543 1827 687 1900 potero,
705 1809 842 1879 officiis
858 1812 993 1899 colam,
1015 1823 1179 1902 tumque
1253 1845 1254 1860 κ

187 1912 397 2004 intelliges,
431 1933 506 2003 quo
528 1911 611 1980 haec
635 1925 816 2002 spectent.
870 1913 952 1986 Rex
970 1911 1088 1980 dixit:
1115 1935 1180 1980 ne·

190 2012 342 2082 cessitas
355 2013 474 2100 pubet,
488 2027 532 2082 ut
546 2012 711 2082 hacvica
726 2013 803 2102 fiet,
821 2012 923 2102 quod
935 2027 980 2080 tu
993 2012 1059 2080 vis.
1098 2017 1180 2082 Jam

187 2125 449 2204 perseverant,
477 2111 595 2180 donec
620 2111 886 2210 Jomshurgum
912 2125 1178 2204 pervenerunt.
1253 2155 1254 2184 r

106 2285 119 2306 χ
188 2211 513 2304 Heicsigvaldius
532 2213 629 2308 regi:
655 2227 869 2304 exoptatus,
895 2213 1040 2304 inquit,
1069 2213 1180 2301 adsis,
1253 2211 1254 2238 ³

192 2312 504 2402 conviviumque,
541 2313 643 2402 quod
669 2313 879 2403 parandum
906 2315 1051 2403 curavi,
1083 2314 1180 2384 acci·
1253 2367 1254 2400 ,

113 2468 114 2472 η
192 2415 292 2505 pias,
331 2433 402 2505 ego
431 2435 522 2484 vero
547 2417 702 2504 meique
722 2433 852 2482 omnes
879 2415 1089 2511 benignum
1110 2414 1183 2482 tibi

191 2514 451 2584 ministerium
471 2514 742 2604 prestabimus
795 2517 877 2587 Rex
901 2514 1116 2606 responditz
1139 2528 1185 2583 ut
1253 2553 1254 2592 ;

191 2617 270 2702 jam
287 2636 345 2684 res
360 2635 399 2682 se
417 2614 557 2702 habet,
584 2615 855 2704 pronissimum
869 2614 997 2703 fuerit,
1021 2639 1077 2704 ea,
1097 2637 1183 2706 quae
1253 2607 1254 2660 ἶ

193 2715 236 2782 in
252 2715 437 2783 honorem
453 2729 626 2784 nostrum
646 2714 743 2784 fecta
761 2714 848 2805 sint,
859 2713 1048 2807 accipere.
1071 2757 1075 2769 ·
1101 2720 1184 2786 Jam

196 2811 739 2910 quoque,⁴inquit8igvaldius,
762 2815 833 2884 tibi
851 2837 1051 2908 exponam,
1068 2835 1184 2910 quem
1253 2879 1254 2912 ,

196 2917 245 2984 ob
272 2937 423 2984 causam
445 2927 485 2984 te
507 2914 583 2984 huc
606 2918 893 3006 transvexerim,
917 2916 1021 3008 quod
1043 2937 1185 3006 nempe
1253 2925 1254 2990 1

195 3016 574 3106 propteramicitiem
588 3015 629 3084 in
643 3031 682 3086 ta
696 3017 939 3107 susceperim,
963 3023 1098 3108 petere
1114 3015 1185 3085 tibi

197 3139 357 3186 uxorem
390 3116 669 3206 Gunnhildam,
705 3117 890 3187 Burizlevi
923 3117 1022 3214 regis
1052 3117 1185 3203 filiam,

197 3217 402 3312 virginem,
428 3239 542 3306 quam
559 3238 627 3312 ego
648 3217 992 3306 prestantissimam
1015 3239 1058 3286 ac
1084 3220 1186 3288 circa
1253 3267 1254 3280 ,

198 3317 328 3388 omnia
347 3317 613 3408 purissimam
641 3337 721 3387 esse
745 3319 931 3408 sciebam,
956 3319 1064 3386 nolui
1082 3314 1187 3387 enim
1253 3353 1254 3362 κ

199 3431 239 3484 te
258 3417 632 3508 optimaconditione
645 3421 775 3488 uxoria
785 3419 968 3506 excidere,
984 3418 1079 3488 mihi
1095 3439 1186 3486 uero

197 3518 422 3632 desponsata
436 3532 492 3588 est
504 3519 622 3588 altera
634 3519 738 3590 illius
750 3520 841 3606 filia,
856 3519 1010 3592 nomine
1023 3519 1186 3605 Astrida,
1253 3517 1254 3584 3

139 3657 149 3675 x
200 3640 298 3731 qnae,
322 3619 382 3687 uti
398 3639 467 3711 par
478 3633 549 3708 est,
576 3619 782 3692 deformior
798 3635 864 3712 est,
884 3635 1000 3710 etque
1016 3641 1102 3734 per·
1106 3641 1190 3687 om-
1253 3629 1254 3636 ’

52 3716 55 3724 ’
200 3719 265 3786 nia
293 3719 414 3789 vilior.
459 3719 684 3821 Sigraldius
709 3721 913 3792 concilium
935 3721 989 3789 ita
1013 3719 1189 3788 institue
1253 3707 1254 3802 i

203 3831 280 3906 rat,
301 3831 348 3886 ut
368 3813 501 3909 piratae
517 3825 708 3892 Jomenses
723 3821 805 3889 haec
823 3843 910 3890 cum
927 3838 971 3889 eo
991 3821 1191 3892 confirma
1253 3823 1254 3914 ᾗ

201 3934 296 3989 rent.
344 3921 535 3990 Praeterea
560 3944 691 4014 regem
709 3923 758 3990 all
762 3936 894 3990 ocutus
916 3938 983 4010 est,
1012 3921 1190 4012 dynasta.
1253 3931 1254 4024 Ξ

202 4021 281 4107 jam
296 4020 377 4109 tibi,
405 4021 568 4091 domine!
595 4023 646 4091 sic
665 4023 710 4092 de
730 4023 845 4092 rebus
856 4021 933 4090 tuis
935 4021 1190 4138 cogitandum
1253 4027 1254 4032 ’

206 4135 275 4211 est,
301 4121 380 4193 fore
397 4123 466 4191 tibi
482 4119 594 4212 hujus
610 4123 843 4194 matrimonii
862 4123 1021 4215 copiam,
1047 4123 1080 4190 si
1093 4123 1191 4192 tanti
