2534 4778
53 307 88 366 c.
110 307 165 374 90.
424 305 700 390 ··..-....·····⁹..„
896 291 987 381 209

160 518 211 606 (id
233 513 535 614 ingentis'a'ni'mi
549 513 622 603 fuit
640 514 661 542 '¹

159 622 377 712 indicium),
404 641 487 708 quae
507 598 606 687 dicta
618 631 757 713 gentes

159 736 319 814 perpete
337 668 601 788 ¹cdncelebrant
614 721 837 791 memoria¹

52 823 154 892 Cum
174 848 262 892 vero
278 820 489 892 octodecim
508 819 699 888 interfecti
711 835 861 910 essent,
886 820 1043 892 sedebat
1154 826 1165 889 Τ

49 922 112 990 vir
131 923 256 994 forma
279 921 481 1014 perpulcra
506 931 545 988 et
574 942 681 988 corna
701 921 841 990 eximie
864 937 1042 1008 venusta3

52 1023 119 1090 hic
141 1025 266 1094 crines
283 1022 635 1113 antrorsum1coegit
646 1034 683 1088 et
703 1023 848 1091 collum
863 1025 1042 1113 porrexit,

51 1122 202 1192 dicens:
245 1148 295 1194 ne
323 1135 518 1192 cruentata
548 1121 667 1190 crines
701 1144 814 1191 meos.
884 1126 990 1193 Unus
1020 1147 1042 1192 e

51 1225 279 1294 satellitibus
288 1221 455 1294 Hakonis
473 1221 638 1313 dynastae
655 1221 778 1290 crines
793 1235 1043 1314 utraquema-

49 1345 105 1390 nu
121 1319 290 1417 arreptos
310 1322 474 1394 firmiter
496 1322 630 1390 tenuit·
685 1322 855 1393 Thorkel
879 1325 1046 1394 securint'

51 1425 258 1495 sublimem
277 1421 427 1494 libravit
445 1435 483 1490 et
499 1443 651 1514 gravem
669 1422 954 1494 ictummolitus
970 1441 1039 1492 est.
1133 1449 1136 1454 ·

49 1524 176 1594 Pirata
193 1542 307 1617 caput
324 1525 416 1595 adeo
436 1521 586 1590 fortiter
604 1523 786 1613 retraxit,
818 1539 863 1593 ut
887 1538 1043 1596 nutaret

48 1626 100 1713 is,
124 1627 193 1716 qui
216 1629 336 1696 crines
353 1624 498 1708 tenuit3
533 1622 623 1692 hinc
645 1625 939 1693 securismanus
958 1625 1040 1709 ejus

49 1727 199 1822 attigit,
238 1742 277 1796 et
302 1729 430 1796 ambas
453 1722 762 1814 praeciditatque
786 1725 896 1792 humi
921 1724 1042 1794 defixa

50 1841 116 1895 est.
173 1831 275 1898 Tum
290 1827 470 1896 accedens
487 1823 634 1896 Eirikus
656 1823 810 1916 dynasta
836 1826 1041 1920 interroga·

49 1928 119 1994 vit:
150 1927 233 2018 quis
251 1929 314 1996 es?
338 1927 394 1996 vir
411 1925 597 1995 fermose!
621 1925 827 2017 sigurdum
843 1927 1041 2016 meappel-

49 2029 147 2115 lant,
173 2030 299 2117 inquit
317 2027 404 2115 ille,
421 2025 501 2119 'ego
522 2047 715 2094 verosum
735 2026 821 2094 Buii
849 2025 950 2094 filius
972 2048 1041 2092 no-

50 2128 151 2214 thuS,
177 2125 291 2218 atque
308 2127 481 2201 nondum
493 2147 625 2196 omnes
643 2125 892 2196 mortuisunt
908 2127 1041 2215 piratae

50 2233 254 2298 Jomenses.
325 2229 394 2298 Cui
428 2225 605 2319 dynasta:
649 2241 751 2296 certe
776 2225 912 2295 videris
937 2226 1040 2294 iilius

50 2351 130 2396 esse
151 2328 247 2413 Buii3
270 2330 375 2398 visne
392 2328 467 2396 vitu
487 2324 639 2396 donari?
655 2326 726 2394 Ille
746 2343 892 2396 contra:
910 2325 1041 2417 magni

48 2427 228 2516 interest,
253 2429 342 2520 quis.
358 2429 502 2498 offerat.
563 2431 755 2518 Dynasta:
779 2427 810 2495 is
832 2427 952 2512 offert,
973 2425 1039 2514 qui

51 2527 282 2618 potestatem
305 2527 434 2599 habet.
496 2531 600 2599 Tum
622 2525 729 2616 volo,
762 2525 815 2593 ait
833 2525 1039 2624 Sigurdust

50 2628 186 2698 deinde
200 2629 293 2698 fune
312 2631 548 2698 solutusest.
601 2631 704 2700 Tum
722 2625 892 2696 Thorkel
908 2626 1036 2695 Leira:

49 2729 143 2798 licet
157 2744 225 2818 tu,
272 2729 447 2819 dynasta!
467 2727 641 2820 'inquits
662 2725 926 2798 omnibus.his
948 2725 1039 2794 viris

51 2831 170 2899 vitam
200 2831 414 2900 condonare
432 2830 541 2914 velis,
564 2845 692 2898 tamen
710 2833 815 2918 Vagu
831 2825 917 2896 Akii
938 2826 1039 2896 filius

49 2930 173 2998 salvus
203 2953 281 2998 non
313 2932 453 3001 evadet.
509 2928 607 2997 Cum
635 2928 733 2996 dicto
756 2926 890 2994 librata
913 2919 1038 2994 securi

49 3033 248 3120 procurrit.
301 3033 414 3118 Bjdrn
429 3036 560 3102 autem
578 3027 776 3098 Britannus
795 3025 980 3096 iocosum
998 3046 1039 3091 se

50 3132 279 3221 declinavit,
309 3145 347 3200 et
358 3148 445 3202 ante
460 3129 574 3223 pedes
585 3127 786 3202 Thorkelis
804 3124 939 3196 cecidit
952 3147 1039 3216 pro·

49 3255 141 3318 nus,
181 3229 348 3304 Thorkel
373 3253 461 3300 vero
484 3251 605 3344 supra
636 3251 725 3298 eum
758 3224 942 3339 collapsus
970 3238 1036 3294 est.

49 3336 154 3426 Vagn
177 3353 367 3401 excussam
379 3355 496 3400 manu
518 3332 597 3415 ejus
618 3329 780 3398 securim
796 3326 968 3415 arripuit,
983 3337 1040 3392 at-

50 3456 123 3522 que
144 3431 329 3504 Thorkeli
346 3432 527 3500 letalem
517 3445 639 3499 ictum
655 3429 803 3498 inflixit.
841 3428 965 3514 Hujus
983 3425 1040 3494 rei

53 3532 235 3600 meminit
251 3532 424 3620 Bjarnius
442 3531 658 3622 episcopus:

91 3694 119 3760 ι)
137 3691 228 3746 Ordo:
256 3697 314 3759 por
335 3695 368 3748 lit
388 3695 476 3749 Etr-{tr
504 3695 578 3763 ritjdn
601 3692 733 3766 begnod)
768 3697 855 3762 begar
876 3688 939 3757 tina
958 3689 1037 3754 ὄνπῶς

42 3783 155 3853 strigam
172 3785 213 3849 ῥά
236 3783 276 3836 lid
287 3789 384 3850 hverru
403 3787 476 3839 lotar
491 3786 565 3857 [γῆν
581 3789 682 3856 Vagni;
709 3785 830 3834 Irrouatar
848 3781 933 3849 Iretjur
953 3779 1040 3831 moellu

48 3876 156 3939 hrdltur
180 3871 228 3926 erd'
251 3873 311 3928 med
326 3875 451 3946 jyrdum,
477 3881 541 3945 (ῥαί
561 3877 713 3946 vurfilrjum
733 3871 883 3944 ltaudligt)‚
900 3873 957 3938 hau
971 3867 1040 3936 linfa

48 3962 146 4030 pjttir
164 3968 233 4034 uppi-
281 3967 363 4018 Abest
379 3971 407 4018 in
425 3970 460 4036 C,
482 3971 519 4034 F,
541 3969 575 4034 S,
593 3969 648 4030 Sk,
669 3967 735 4020 likt·

88 4057 121 4119 a)
144 4056 240 4125 dgnior,
262 4073 348 4112 cortica
368 4073 486 4126 metrum,
508 4063 539 4110 B.

92 4142 158 4193 Vol.
179 4147 204 4194 1.
808 4131 839 4200 Ο
