2536 4788
299 271 360 358 20
586 287 854 347 *ge-..¹¹2
1018 283 1054 343 c.
1086 282 1212 348 Μ.

238 502 379 569 Omnes
402 491 521 570 Eiriki
545 492 660 567 liberi
684 485 814 564 forma
824 487 1019 585 conspicui
1036 493 1213 587 bonaque

144 643 148 652 ·
238 601 339 691 'spei¹
361 599 480 669 fuere.

238 701 400 771 'initium
427 697 581 791 imperii
596 695 776 764 Habonio
789 696 1036 768 Adalsteinis
1056 698 1213 765 alumni.

289 801 377 891 Cap.
396 808 446 872 13.
475 797 613 868 Hakon
631 796 858 866 Adalsteinis
872 798 1050 866 alumnus
1069 797 1111 864 in
1121 803 1216 894 Ang-

236 901 288 972 lia
305 901 475 994 degebat,
503 897 652 990 quando
669 888 715 966 de
725 910 847 966 morte
863 897 963 988 regis
975 897 1141 984 Haraldi‚
1156 919 1218 987 pa-

235 1002 305 1070 nis
323 1002 394 1089 sui,
417 1001 557 1070 famam
572 996 727 1088 accepit.
771 1003 864 1071 Mox
879 997 1007 1066 itineri
1021 998 1061 1066 in
1080 1001 1217 1068 Norve·

236 1104 336 1197 giam
359 1123 399 1171 se
425 1099 607 1182 accinxit;
640 1121 709 1168 rex
734 1098 929 1172 Adalstein
958 1099 994 1169 ei
1018 1098 1158 1188 copias,
1180 1113 1217 1166 eo

234 1215 425 1293 quantum
434 1200 521 1269 satis
540 1212 637 1270 esset
650 1199 815 1284 navium,
834 1197 948 1288 dedit,
964 1215 1002 1268 et
1014 1197 1217 1289 'profectio-

232 1326 328 1372 nem
352 1305 434 1391 ejus
459 1300 656 1396 magnifice
680 1301 884 1391 apparavit.
956 1305 1153 1371 Autumno
1178 1299 1218 1366 in

235 1402 468 1496 Norvegiam
500 1403 662 1490 delatus,
704 1401 847 1474 caedem
869 1401 1034 1471 aratrum
1062 1423 1217 1470 suorum

233 1503 425 1595 cognovit,
443 1515 481 1570 et
496 1501 538 1570 in
549 1501 657 1569 Vikia
675 1501 933 1572 esseEirikum
949 1521 1103 1594 regetur
1130 1498 1217 1568 hinc
1258 1489 1259 1572 l

233 1604 390 1672 boream
405 1623 532 1672 versus
545 1602 587 1670 in
604 1601 933 1673 Thrandheimum
950 1601 1158 1694 navigavit,
1182 1613 1217 1668 et

228 1703 452 1796 sigurdum,
475 1703 669 1794 dynastam
679 1701 922 1790 Hladensem,
943 1703 1130 1792 convenit,
1141 1724 1218 1769 om-

233 1803 342 1872 nium
353 1807 616 1894 Norvegorurn
631 1802 967 1892 sapientissimum
993 1827 1014 1872 a
1032 1826 1107 1894 quo
1123 1805 1216 1872 bene

234 1917 435 1993 exceptus,
468 1916 506 1969 et
521 1903 563 1970 in
581 1915 761 1970 mutuum
787 1903 919 1970 foedus
944 1903 1127 1972 admissus
1147 1905 1217 1970 Ha·

233 2003 322 2092 Iron,
337 2002 485 2092 amplos
501 2003 537 2071 ei
547 2002 710 2070 honores
725 2004 919 2092 pollicitus
935 2017 1002 2092 est,
1014 2004 1045 2072 si
1057 2025 1218 2096 regnum

235 2103 306 2174 'sibi
325 2103 574 2196 contingeret.
608 2185 611 2189 ¹
633 2102 787 2172 Indictis
803 2103 937 2188 deinde
955 2103 1220 2196 frequentibus

236 2203 415 2287 comitiis,
443 2203 618 2296 dynasta,
649 2203 805 2273 nomine
819 2205 1002 2294 Helonis,
1027 2205 1074 2274 ad
1097 2225 1217 2296 popu-

234 2305 318 2372 lum
336 2305 448 2372 rerba
476 2303 584 2391 fecit,
622 2327 777 2400 rogans,
813 2318 858 2372 ut
881 2327 971 2374 eum
993 2305 1063 2374 sibi
1085 2325 1219 2396 regem

232 2417 438 2474 sumerent.
501 2405 662 2498 surgens
682 2405 815 2472 deinde
834 2407 992 2492 Halon,
1017 2405 1097 2496 ipse
1114 2407 1218 2475 locu·

232 2517 294 2578 tus
310 2517 376 2590 esr,
402 2505 753 2574 eonsusurrantibus
766 2507 973 2594 nonnullis,
996 2506 1148 2576 rediisse
1161 2527 1218 2572 re·

161 2605 162 2608 ’
229 2609 320 2699 'gem
337 2603 548 2674 Haraldum
566 2603 867 2692 Pulcricomum,
892 2607 1081 2694 juventuti
1095 2603 1218 2674 reddi·

230 2718 327 2772 rum.
388 2705 524 2774 Hakon
538 2727 751 2774 sermonem
767 2727 880 2776 suum
893 2707 947 2776 ita
962 2707 1067 2776 orsus
1083 2719 1151 2794 est,
1176 2717 1220 2772 ut

231 2804 329 2902 regis
355 2805 514 2874 titulum
539 2807 636 2874 cives
660 2818 825 2900 rogaret,
870 2829 1080 2898 eorumque
1115 2805 1218 2874 auxi-

231 2905 329 2972 lium
339 2919 379 2972 et
396 2927 497 2994 opes,
513 2905 558 2972 ad
574 2906 720 2998 regiam
727 2899 947 3001 dignitatem
956 2909 1154 2984 tuendam:
1166 2905 1220 2973 vi·

228 3005 356 3076 'cissim
371 3006 575 3096 pollicitus,
602 3005 792 3074 facturum
804 2999 861 3092 se,
886 3023 929 3074 ut
945 3029 1075 3076 omnes
1092 3005 1217 3074 coloni

227 3101 366 3172 'fundos
384 3105 501 3172 avitos
514 3104 599 3190 jure
621 3103 858 3174 haereditario
874 3107 1124 3197 possiderent,
1160 3130 1216 3172 re-

232 3203 447 3299 ceptis-quae
468 3207 627 3296 quisque
646 3206 831 3274 incoleret
847 3207 1028 3275 haerediis'.
1089 3210 1215 3276 Tanto

230 3303 403 3374 omniurn
426 3306 609 3394 applausu
631 3319 788 3396 excepta
822 3307 970 3376 esthaec
994 3307 1140 3393 oratio,
1173 3320 1217 3378 ut
1258 3317 1259 3396 l

225 3405 312 3470 'tota
329 3404 550 3472 colonorum
566 3407 694 3492 turba,
734 3407 880 3476 sublato
900 3410 1085 3489 clamore,
1116 3408 1216 3475 voci·

227 3503 431 3586 sereretur,
454 3527 493 3572 se
507 3505 621 3574 illum
634 3507 735 3574 velle
753 3527 903 3598 regem3
926 3507 1054 3596 sicque
1069 3507 1216 3576 factum

229 3617 302 3688 est,
332 3617 377 3671 ut
392 3603 561 3700 Thrandi
574 3607 773 3676 Hakonem
786 3608 856 3675 sibi
870 3628 1001 3700 regam
1018 3620 1225 3696 sumerent*
1258 3611 1259 3698 l

227 3725 295 3791 per
312 3705 437 3772 toturn
452 3704 790 3792 Thrandheimum‚
816 3721 900 3776 tum
919 3705 1133 3798 quindecim
1151 3729 1216 3775 an-

224 3825 297 3869 nos
317 3817 469 3888 natum3
498 3827 573 3893 quo
591 3806 689 3876 facto
707 3808 803 3874 aulae
818 3808 888 3878 sibi
912 3809 1003 3902 legit
1021 3807 1215 3875 ministros
1258 3823 1259 3896 l

228 3917 266 3968 et
283 3905 481 3988 satellites,
513 3926 752 3996 regnumque
775 3907 879 3976 obire
902 3909 1036 3998 coepit.
1103 3907 1214 3977 Tulit
1258 3901 1259 3980 l

214 4003 325 4074 'famo
340 4003 616 4092 injUpplanda‚
641 4026 773 4100 regem
790 4007 860 4077 sibi
880 4005 1214 4096 sumsisseTlrran-
1258 4001 1259 4052 l

269 4111 432 4205 liberaeque
451 4111 566 4201 educati,
588 4137 619 4186 F·
1165 4156 1167 4160 ι
