2526 4782
568 260 834 326 Ξ
1089 263 1124 320 e.
1150 261 1196 325 36.
1251 237 1252 240 ‘

220 498 306 564 que
326 493 486 566 regnum
512 467 667 538 rediere.
728 472 810 540 Rex
839 471 1052 562 Tryggvius
1089 473 1195 542 Olavi
1251 495 1252 570 }

219 575 319 642 filius
335 573 409 639 fuit
422 575 477 640 vir
497 583 630 659 potens
648 583 685 637 et
710 591 858 662 magnae
879 572 1132 658 auctoritatis,
1164 587 1196 640 et

219 673 442 745 Vikensibus
461 669 792 738 maximeidoneus
802 673 902 738 visus
924 685 991 756 est,
1010 673 1195 762 quitotius
1251 663 1252 712 t

220 773 330 865 regni
360 772 522 861 imperio
554 793 619 836 rex
656 785 851 860 praeessem
892 770 1006 858 hujus
1039 771 1194 840 intimus
1251 769 1252 808 ³

220 873 364 942 amicus
396 872 471 939 fuit
501 869 699 940 Gudrddus
723 873 868 959 Bjamis
899 873 1010 940 filius.
1067 873 1196 942 Gunn-
1251 875 1252 908 l

219 973 324 1042 hilda
341 971 487 1062 filiique
504 973 581 1057 sui,
610 970 782 1062 cognito,
812 973 888 1042 hos.
905 971 1096 1061 principes
1117 994 1197 1040 mu·
1251 965 1252 1008 l

220 1087 328 1141 tuam
345 1071 551 1141 amicitiam
567 1085 715 1160 pactos,
738 1071 926 1162 suspicati,
944 1071 1197 1162 proditionem
1251 1119 1252 1158 3

223 1167 353 1242 contra
369 1195 474 1268 reges
492 1171 663 1259 molitos,
691 1173 826 1261 saepius
840 1175 911 1242 hac
927 1173 972 1240 de
986 1196 1026 1240 re
1042 1173 1143 1242 inter
1160 1196 1197 1240 se
1251 1169 1252 1196 ³

224 1275 441 1342 consultant
459 1285 496 1338 et
513 1272 668 1340 consilia
685 1272 893 1342 conferunt.
949 1273 1046 1342 Cum
1069 1295 1197 1342 verna·

222 1375 310 1462 bat,
345 1396 410 1442 rex
428 1371 612 1441 Haraldus
641 1387 679 1440 et
695 1373 891 1444 Gudrodus
914 1373 1031 1442 frater
1055 1374 1136 1462 ejus
1160 1372 1199 1440 in

222 1476 360 1566 vulgus
383 1473 528 1541 faciunt
551 1487 704 1561 notum,
740 1497 780 1544 se
798 1497 841 1542 ea
861 1487 987 1542 aestate
1003 1474 1200 1563 piraticam

224 1573 504 1665 expeditionem
521 1588 773 1666 suscepturos,
789 1577 852 1644 vel
868 1576 909 1644 in
924 1572 1200 1642 mariocciden-

221 1675 305 1762 tali,
336 1673 396 1742 vel
417 1673 605 1763 orientali,
638 1690 754 1767 prout
777 1689 887 1744 antea
917 1673 1067 1744 fuerant
1089 1673 1200 1742 soliti.

223 1774 356 1865 Itaque
384 1774 583 1841 contractis
611 1777 744 1865 copiis,
773 1777 1009 1864 navibusque
1031 1775 1072 1840 in
1096 1797 1199 1842 mare

225 1875 412 1960 deductis,
435 1873 564 1940 itineri
583 1896 621 1942 se
638 1877 852 1968 accingunt.
906 1875 1079 1968 Quicum
1095 1897 1202 1944 suam

226 1979 337 2048 domo
354 1973 625 2065 profectionem
650 1976 932 2066 compotatione
955 1975 1198 2058 celebrarent,

223 2075 445 2168 largiusque
479 2075 627 2163 poculis
659 2077 935 2170 indulgeretur,
978 2075 1073 2144 varii
1104 2074 1203 2142 inter

224 2174 434 2270 potandum
450 2197 642 2244 sermones
656 2178 919 2246 miscebantur.
948 2176 1118 2248 Tandem
1134 2174 1201 2242 ho·
1251 2255 1252 2272 χ

225 2279 375 2349 minum
390 2276 669 2364 comparatione
694 2278 889 2366 instituta,
924 2301 1012 2346 cum
1035 2276 1082 2344 de
1111 2274 1133 2342 i
1170 2276 1201 2342 is

225 2377 378 2469 regibus
395 2374 578 2465 disputari
596 2391 764 2468 coaptum
782 2393 890 2467 esset,
911 2391 948 2446 et
960 2296 1202 2448 convivaldm

230 2477 367 2569 aliquis
389 2491 590 2560 assereret,
625 2479 837 2548 Haraldum
860 2478 1002 2546 cunctis
1027 2477 1069 2546 in
1090 2475 1202 2544 rebus

224 2582 387 2648 fratrum
423 2598 579 2644 suorum
609 2601 687 2646 esse
716 2578 1090 2669 praestantissimum,
1135 2597 1203 2661 rex

228 2675 485 2764 Gudrodus,'
474 2699 530 2746 rra
545 2678 649 2745 valde
665 2695 895 2768 commotus,
924 2677 1140 2764 contendit,
1164 2699 1203 2744 se
1251 2665 1252 2754 l

225 2778 357 2850 nulla
346 2801 388 2845 1n
400 2801 440 2844 re
449 2777 614 2846 Haraldo
623 2777 727 2847 fratri
738 2803 804 2850 suo
814 2801 891 2850 esse
902 2771 1131 2866 inferiorem,
1148 2800 1202 2846 se·

228 2905 301 2972 que
317 2881 394 2966 iam
409 2892 594 2968 paratum,
609 2893 654 2947 ut
662 2879 776 2969 hujus
787 2883 841 2950 rei
855 2882 1068 2970 periculum
1080 2879 1201 2948 faciat.
1251 2889 1252 2894 ’

226 2987 291 3054 Eo
307 2981 460 3048 demum
486 3001 544 3047 res
568 2980 689 3068 venit,
723 2997 766 3048 ut
790 2983 910 3064 amb0,
939 2981 1203 3048 vehementem

225 3085 324 3151 iram
338 3081 446 3147 vultu
464 3079 718 3168 praeferentes,
741 3095 845 3150 tanta
863 3080 1103 3175 contentione
1121 3101 1204 3148 rem

227 3191 430 3266 certarent,
455 3193 499 3247 ut
508 3179 552 3246 ad
567 3201 732 3272 pugnam
750 3195 933 3250 semutuo
952 3191 1204 3270 provocarent

228 3297 265 3350 et
283 3280 328 3348 ad
343 3303 445 3348 arma
459 3280 708 3369 provolarent.
749 3283 821 3352 Sed
834 3283 1008 3354 homines
1024 3281 1201 3365 saniores,

225 3383 388 3468 vinoque
407 3381 531 3448 minus
547 3383 705 3473 gravati,
727 3381 1025 3452 intercedentes
1015 3393 1204 3491 impetum
1251 3419 1252 3462 r

227 3504 361 3551 eorum
376 3481 524 3548 sistunt.
577 3482 675 3550 Hinc
694 3505 777 3552 suas
796 3485 954 3574 quisque
977 3505 1087 3558 naves
1107 3479 1203 3572 peti-
1251 3517 1252 3562 ,

225 3595 386 3670 verunt,
424 3581 656 3694 interrupta,
692 3587 835 3674 prouti
845 3587 959 3676 vulgo
988 3583 1110 3650 visum
1135 3594 1200 3666 est,
1251 3571 1252 3640 l

225 3681 487 3794 proficiscendi
505 3683 693 3752 societate
745 3689 800 3756 Re
811 3699 939 3754 autem
957 3707 1041 3752 vera
1057 3683 1128 3750 hoc
1147 3680 1203 3750 ni·
1251 3715 1252 3718 ¹

224 3782 282 3852 hil
269 3781 378 3870 lfuit,
404 3783 475 3850 nist
465 3782 632 3851 dolus
622 3807 790 3874 ipsorum
811 3785 990 3874 fratrum,
1015 3797 1052 3852 et
1073 3785 1200 3854 Gunn-
1251 3857 1252 3868 χ

225 3882 349 3965 hildae,
377 3882 505 3950 matris
522 3907 664 3972 eorum,
689 3885 973 3954 fraudulentum
988 3884 1198 3967 consilium,
1251 3931 1252 3964 ,

143 4033 146 4042 .
227 3998 270 4051 ut
289 3997 418 4072 postea
434 3983 564 4050 docuit
589 3987 839 4074 experientia,
874 4001 917 4054 ut
939 3983 1198 4054 eo'minorem

226 4084 411 4154 haberent
433 4083 610 4156 fraudum
641 4088 914 4178 suspicionem,
951 4108 1041 4177 quas
1069 4106 1197 4178 contos
