2526 4782
34 317 62 378 c.
80 313 214 387 4849·
391 311 664 366 Q
889 307 951 396 99

395 367 664 382 -ῌ

28 531 157 600 hieme
176 527 291 600 tantis
315 527 414 597 curis
434 527 589 597 effectus
608 543 681 616 est,
704 542 748 598 ut
762 531 861 601 lecto
879 521 1032 602 affixus

28 635 221 700 insomnes
243 629 399 700 duceret
425 642 577 718 noctes,
608 651 687 700 non
707 633 793 722 plus
816 645 929 724 potus
951 653 1017 704 su··

27 755 153 822 mens,
181 755 295 822 quem
312 749 387 822 quo
403 730 501 796 vices
524 731 691 821 corporis
712 743 841 822 posset
867 745 1012 804 susten·-

28 845 117 901 tare.
199 831 378 902 Proximo
416 845 602 899 autumno
638 833 812 902 homines
841 835 940 904 clem
970 835 1012 905 in

28 933 357 1003 Thrandheimum
382 931 428 1000 ed
454 931 592 1000 amicos
616 949 704 1002 suos
730 935 901 1023 miserat,
935 935 1013 1004 his·

28 1057 98 1124 que
122 1035 167 1102 id
192 1034 345 1102 dederet
369 1031 538 1119 consilii,
573 1045 617 1102 ut
644 1055 776 1126 regem
792 1036 1011 1125 Erlendum,

26 1135 54 1200 si
78 1134 134 1202 ita
159 1135 278 1204 ferret
294 1136 458 1220 occasio,
492 1133 654 1202 'emedio
681 1136 875 1223 tollerem,
899 1147 1013 1226 spon-

27 1234 135 1323 dens,
167 1259 207 1304 se
225 1237 398 1326 proximo
414 1246 540 1300 aestete
557 1235 603 1302 ad
623 1251 785 1327 regnum
804 1253 915 1304 suum
930 1247 1011 1306 esse

25 1335 250 1405 rediturum.
304 1341 357 1406 Eo
383 1333 512 1402 hiemo
536 1335 705 1406 Thronoi
732 1351 864 1434 regem
881 1329 1010 1408 Eclen⁴

26 1435 115 1506 dum
149 1435 444 1521 interfecerunt,
488 1449 534 1502 ut
571 1451 684 1526 supra
722 1437 909 1528 scriptum
942 1451 1010 1506 est.

23 1535 128 1604 Inter
144 1536 348 1608 Hakonem
372 1546 411 1604 et
430 1535 721 1605 Gullharaldum
744 1535 879 1605 intima
894 1533 1011 1606 inter·

26 1637 183 1706 cedebat
203 1636 383 1720 amicitio;
411 1657 527 1725 quare
550 1639 737 1706 Horaldus
753 1637 905 1708 Hakoni
924 1659 1014 1706 con*

25 1737 105 1806 silio
131 1761 201 1807 suo
221 1737 387 1826 aporuit,
417 1733 565 1825 dicens,
599 1739 773 1806 statuisse
797 1761 855 1826 se,
899 1738 1012 1806 missa

24 1838 196 1925 piratica,
212 1837 427 1925 reipublicae
438 1835 1011 1926 administrationemsuscipere;

23 1937 234 2030 interrogat
257 1937 477 2024 Hakonem,
514 1961 561 2005 en
592 1951 771 2028 putaret,
800 1937 1012 2010 Harsidum

25 2049 157 2108 secum
181 2055 341 2132 regnum
365 2039 751 2124 communicaturum,
773 2041 804 2107 si
821 2037 860 2108 id
883 2049 1012 2131 postu·

24 2139 131 2209 leret.
189 2141 322 2208 Hakon
337 2135 562 2228 respondet:
588 2155 682 2230 puto
698 2140 919 2226 Horaldum,
937 2141 1013 2209 De*

23 2262 164 2312 norum
184 2257 326 2332 regem,
343 2238 413 2306 tibi
431 2237 530 2306 nihil
548 2261 694 2330 eorum,
722 2253 806 2332 quoe
824 2241 908 2326 jure
927 2261 1012 2328 pos-

23 2341 147 2410 tulare
177 2341 322 2432 possis,
351 2339 631 2424 tributurum13
669 2342 751 2432 ipse
778 2355 907 2408 tameo
936 2339 1011 2406 hoc

25 2441 165 2510 certius
182 2441 344 2529 noveris,
365 2439 397 2508 si
416 2440 543 2528 ipsum
560 2443 767 2536 regemhec
786 2440 833 2508 de
852 2451 893 2506 re
909 2455 1012 2508 com·-
1125 2501 1128 2519 ,

25 2542 164 2628 pellas;
187 2563 322 2610 verum
337 2541 530 2631 suspicor,
556 2555 616 2630 te,
650 2541 726 2610 nisi
747 2537 1010 2633 postulaveris,

25 2642 180 2710 nullum
200 2661 361 2734 regnum
377 2641 614 2732 adepturum.

28 2738 319 2810 Gollharohtos
345 2755 503 2836 portem
528 2742 682 2818 Danioe,
707 2739 782 2810 sibi
809 2739 1009 2836 postolat.

75 2839 173 2929 Cap..
187 2849 239 2914 49.
268 2843 356 2911 Post
371 2844 486 2934 paulo
504 2840 772 2912 Gullhoreldus
789 2857 920 2935 regem
935 2839 1015 2906 He-

26 2940 195 3027 roldum,
237 2956 417 3035 agnoium
449 2963 583 3029 suum,
618 2941 867 3032 praesentibus
891 2936 1020 3028 pluri·-

26 3039 93 3107 mis
121 3040 233 3136 regni
266 3042 533 3132 optimatibus,
573 3035 825 3129 utrorumque
866 3035 1009 3122 amicis,

25 3139 232 3229 allocutus,
258 3144 303 3210 eb
321 3165 365 3210 eo
389 3143 607 3232 postulavit,
618 3156 663 3210 ut
676 3140 878 3208 dimidium
900 3136 1011 3228 regni

27 3240 94 3308 sibi
117 3242 353 3328 concederet,
379 3261 448 3333 pro
466 3243 653 3312 natalium
672 3238 1010 3311 suoromfamiliae-

26 3361 96 3429 que
116 3342 298 3412 ioDonia
316 3341 497 3414 claritate.
552 3344 705 3438 Quibus
720 3341 829 3410 dictis
852 3360 918 3408 rex
934 3341 1012 3408 Ha·

26 3441 150 3510 raldus
173 3442 231 3511 ira
259 3458 486 3531 commotus,
516 3442 728 3534 respondit:
755 3457 869 3511 nemo
892 3440 1009 3508 homo

25 3564 135 3611 ausus
157 3555 216 3610 est
240 3543 285 3613 ab
307 3564 396 3640 rege
425 3545 588 3632 Gormo,
615 3556 722 3633 petre
744 3559 853 3630 meo,
879 3551 1010 3628 postu·

23 3641 118 3731 lere,
149 3657 194 3710 ut
208 3643 371 3712 semirex
388 3645 497 3712 fieret
519 3649 721 3716 Denorum
742 3639 913 3732 imperii,
944 3655 1011 3704 ne·

24 3765 93 3831 que
121 3768 143 3812 e
169 3759 278 3835 petre
304 3745 385 3829 ejus
416 3747 545 3814 Kouto
571 3742 780 3830 Hordensi,
812 3755 938 3829 neque
963 3736 1010 3804 ab

24 3844 181 3937 Sigurdo
213 3845 475 3936 Anguiocuio,
501 3861 626 3935 neque
657 3843 703 3911 ab
727 3845 896 3938 Regnare
922 3836 1011 3910 Hir·

26 3946 257 4030 sutibr'acca3
288 3944 352 4014 hic
386 3957 530 4014 tentem
556 3944 682 4014 induit
703 3943 802 4013 iram
840 3954 879 4010 et
905 3941 1011 4008 furo·

26 4059 123 4132 rem,
149 4060 193 4113 ut
211 4046 328 4114 nullis
343 4046 466 4114 verbis
487 4044 583 4114 adiri
602 4059 738 4136 posset.
793 4045 877 4136 Quo
892 4039 1010 4126 facto,

61 4171 88 4236 Ι)
113 4167 316 4240 di³¹1tgnoirioii,
334 4169 366 4240 Β,
387 4173 426 4240 G',
447 4175 520 4244 quod
537 4171 571 4226 nd
590 4177 734 4224 orationem
751 4170 836 4238 aptius
854 4175 901 4218 est.

742 4243 813 4311 G2
