2554 4778
71 321 108 380 e.
137 315 211 384 105.
445 318 713 385 affl
911 289 1001 402 249

71 532 221 603 securis
240 529 419 616 olavum,
441 551 554 598 arum
572 551 701 600 meum
718 545 938 626 paternum,
963 560 1063 606 com-

71 635 284 726 pluresque
302 631 394 700 alios
409 627 543 698 fratres
569 653 656 698 suos
681 632 929 726 interficeret,
962 639 1064 729 quod
1152 647 1155 660 '

71 735 234 804 avaritia
268 745 366 802 unus
397 751 531 800 eorum
565 733 1062 826 regnapossiderevoluit3

72 836 215 904 deinde
225 833 541 928 regnumeccepit
552 830 689 917 Hskon·
701 835 924 906 Adalsteinis
942 837 1063 908 alum·

70 957 168 1026 nus,
205 934 271 1027 qui
297 933 468 1025 cognatis
496 933 590 1022 suis,
618 933 886 1025 .qui‡adversus
914 963 1000 1008 eum
1025 937 1063 1010 vi

71 1059 153 1106 non
172 1037 437 1130 insurgerent,
471 1034 557 1120 jure
582 1055 649 1104 sno
677 1036 735 1104 uti
764 1039 958 1128 permisit3
996 1039 1062 1110 ¹hic

72 1138 334 1231 Tryggvium,
360 1152 508 1226 patrem
524 1155 673 1224 meum,
699 1147 833 1232 regno,
872 1139 972 1232 quod
997 1161 1062 1230 pa·

71 1251 134 1306 ter
148 1241 232 1326 ejus
249 1246 433 1320 tenuerat,
459 1235 638 1325 prefecit,
652 1253 690 1308 et
704 1239 808 1336 regio
823 1242 978 1310 nomine
998 1241 1062 1312 do·

72 1338 203 1420 navins
229 1336 331 1428 quod
351 1357 511 1431 regnum
531 1339 676 1427 tenuit,
712 1339 802 1408 dum
831 1365 895 1410 rex
911 1343 1060 1432 Hakon,

71 1439 261 1530 patruelis
278 1439 370 1526 ejus,
397 1437 502 1524 vixit,
521 1438 654 1507 intima
672 1439 773 1507 inter
795 1463 858 1508 eos
882 1455 1062 1513 manente

72 1539 253 1630 amicitia,
316 1539 522 1627 Postquam
545 1561 633 1608 vero
670 1539 786 1610 Eiriki
809 1537 878 1610 filii
902 1565 1062 1640 regnum
1159 1629 1162 1634 Ι

72 1651 323 1731 acceperant,
351 1638 506 1706 consilio
523 1641 651 1708 matris
669 1641 909 1729 Gunnhildae,
931 1665 1063 1734 regem

73 1741 329 1836 Tryggvium,
348 1751 496 1829 patrem
515 1759 658 1828 meum,
678 1741 877 1831 persidem
900 1743 1062 1811 circum·

72 1859 239 1910 ventum
259 1839 551 1925 interfecerunt,
586 1864 647 1909 me
674 1839 845 1912 nondum
872 1843 913 1910 in
932 1845 1063 1914 lucem

74 1943 194 2011 edito.
247 1939 388 2011 Eadem
413 1937 634 2010 Gunnhilda
667 1929 813 2012 astutiis
849 1943 925 2010 suis
959 1943 1060 2012 edito

72 2043 174 2112 mihi
189 2041 231 2110 in
247 2042 375 2110 lucem
392 2041 535 2108 multos
552 2044 706 2134 laqueos
723 2041 899 2132 tetendit,
926 2061 970 2114 ut
997 2065 1060 2110 me

73 2157 232 2234 caperet
265 2153 302 2208 et
325 2141 401 2209 'vita
426 2142 600 2229 privaret.
665 2142 792 2213 Prima
815 2143 943 2213 hieme
965 2165 1061 2212 num

73 2239 1060 2333 marrenstridaofrosndisclamapudEirikum,pa‹·
1118 2243 1120 2248 ’

71 2345 277 2430 tremejns,
297 2340 372 2424 fui;
396 2341 558 2432 quicum
571 2363 639 2410 nos
658 2343 797 2414 diutius
812 2343 882 2413 hac
899 2345 1058 2432 interra,

73 2457 235 2538 propter
248 2441 402 2511 insidias
422 2456 460 2509 et
477 2443 582 2511 dolos
598 2444 840 2531 Gunnhildae,
873 2445 973 2513 tueri
997 2445 1060 2510 de-

72 2557 254 2638 speraret,
264 2555 477 2612 metermea
489 2541 695 2611 humiliore
712 2557 896 2634 apparatu
906 2567 1059 2614 mecum

74 2651 175 2717 clam
187 2645 228 2714 in
245 2643 433 2714 Svioniam
450 2643 611 2736 aufugit,
626 2641 691 2712 ubi
709 2645 801 2713 dnos
816 2663 931 2714 annos
952 2643 1054 2734 apud

72 2749 276 2818 Hskonem
287 2744 537 2815 Gra-ndoevum
556 2745 596 2812 in
616 2745 728 2815 exilio
756 2745 915 2833 fuimus,
944 2757 1059 2836 atque

72 2861 161 2918 tum
181 2844 402 2917 Gunnhilde
419 2867 481 2912 me
495 2865 563 2933 per
577 2847 719 2940 legatos
736 2868 822 2914 suos
839 2845 924 2914 dolo
959 2867 1059 2914 com·

72 2946 360 3040 prehendisset,
381 2945 458 3014 ‘nisi
476 2945 530 3012 vir
554 2945 696 3034 bonus,
732 2947 868 3017 Heleon
885 2941 1059 3016 Grandae-

73 3071 167 3138 vus,
194 3049 241 3116 ob
258 3045 464 3114 amicitiam
483 3067 570 3114 cum
582 3045 718 3135 Eiriko,
736 3069 803 3116 avo
819 3069 905 3114 meo
922 3059 1058 3113 meter-

72 3173 144 3239 no,
172 3171 234 3216 me
252 3147 426 3237 potentia
442 3159 480 3215 et
499 3149 729 3216 auctoritate
757 3148 800 3216 ab
824 3143 1058 3238 inquisit-ori-

72 3254 147 3321 bus
165 3249 401 3318 defendisset.
429 3248 579 3318 Deinde
599 3269 681 3340 ego,
708 3261 783 3316 tres
799 3271 914 3316 annos
933 3261 1058 3334 natus,

74 3373 118 3422 ac
136 3363 269 3436 mater,
287 3373 333 3417 ex
349 3347 498 3418 Svionia
511 3369 606 3416 nave
619 3347 736 3435 vect-i,
764 3347 951 3417 orientem
978 3371 1057 3415 ver-

76 3477 140 3521 sus
155 3451 195 3518 in
205 3449 463 3520 Gardarikiam
479 3449 524 3518 ad
541 3447 766 3542 Signrdurn,
791 3449 945 3516 fratrem
968 3451 1057 3533 ejus,

73 3552 249 3639 trajicere
270 3549 555 3630 constituimus,
572 3548 612 3615 in
626 3547 700 3616 hoc
715 3549 850 3618 itinere
865 3548 905 3616 in
919 3547 1060 3638 piratas

75 3652 304 3738 incidenteS,
318 3653 421 3741 eapti
436 3661 475 3716 et
487 3649 757 3718 inservitutern
773 3647 978 3716 venundati
997 3669 1057 3715 sn-

74 3775 184 3839 mus,
210 3765 316 3843 parte
342 3749 669 3820 comitatnsnsstri
688 3749 909 3831 interfectas
942 3745 1006 3816 hic
1037 3771 1058 3816 a

76 3854 413 3939 matresejrmctus
437 3872 533 3938 sum,
565 3871 679 3939 quam
706 3847 840 3918 deinde
861 3869 1059 3940 nunquam

75 3949 1054 4040 ridi,tum,uteiiamancipia¹,pretiovenditussum.

75 4055 208 4122 Hacin
225 4053 403 4120 servitute
414 4074 477 4121 sex
488 4051 650 4120 annosin
661 4051 918 4138 Esthoniafui,
938 4049 1057 4116 donec

82 4161 257 4176 μι-ι-ιι--ι-
261 4161 347 4172 ιιι-ν·-

476 4163 482 4178 .

119 4187 147 4256 Ι)
166 4183 279 4236 nnrnntls
299 4205 379 4250 nrenn,
398 4185 436 4234 sic
452 4183 494 4250 '83
511 4204 597 4233 rnnnns
617 4203 690 4234 menn
714 4182 791 4248 (rect.
812 4177 1002 4248 ereans-menn),
1021 4177 1057 4228 A.
1118 4216 1120 4222 .
