2554 4778
65 303 103 368 c„
125 301 272 370 141..,·
420 291 702 361 m
888 274 983 372 305.

65 513 107 566 et
123 499 275 591 virginei
287 495 441 584 Melie,
458 495 755 572 attinendum
774 510 905 574 tutunt¹
919 521 1042 593 genus

63 597 287 683 humanum,
301 607 338 664 et
354 597 394 664 in
407 597 582 685 spirittun
592 611 778 684 sendum,
791 615 910 668 unum
924 598 1038 673 deum

63 698 108 766 in
121 696 291 771 trinitate
308 710 345 766 et
362 696 504 766 trinum
522 698 564 766 in
580 699 723 770 unitate
732 721 741 777 ς
765 714 803 768 et
819 697 1038 790 hectrecqe

60 810 99 864 te
117 795 191 880 fide
210 795 478 884 vosbeptizeri·
493 797 618 866 sinatis
638 797 679 868 in
695 799 848 868 nomine
863 800 980 888 *petris
998 813 1039 882 et,

60 895 134 965 iiiii
162 909 204 963 et
223 897 378 988 spiritus
402 898 540 982 sancti,
562 910 674 986 atque
700 896 752 968 ite
769 897 864 966 fietis
880 898 940 968 dei
957 921 1037 970 ome

58 996 266 1084 nipo'tentis'
280 995 351 1064 filii
367 1007 404 1062 et
416 997 543 1064 aeterni
557 996 666 1086 regui
680 994 854 1080 heredes5
889 997 1036 1071 diabolo

57 1117 151 1163 veru
165 1109 202 1164 et
225 1095 327 1164 omni
346 1092 530 1164 idolorum
550 1096 669 1164 cultui
694 1097 939 1183 renuntietis,
972 1097 1034 1166 cui

56 1191 282 1283 illaqueatos
303 1216 377 1280 voe,
402 1209 445 1265 ut
460 1196 617 1281 majores
635 1197 854 1282 vest1·0s·,'ad
875 1210 1036 1278 aeternos

57 1295 246 1365 cruciatus
262 1293 410 1362 trahere
421 1316 547 1366 secum
564 1293 699 1382 studet,
715 1295 745 1362 si
761 1295 803 1364 in
819 1295 1033 1380 ejusoiiicio

55 1394 339 1482 permanebitis.
370 1435 372 1442 ·
399 1397 451 1464 Ut
467 1395 697 1484 paucis-rem
719 1393 928 1483 expediam,
953 1417 1035 1464 em*

55 1497 137 1579 nes,
150 1505 240 1562 ,tam
257 1514 453 1583 pauperes,
477 1492 750 1584 qnam'divites,
781 1493 844 1582 qui
865 1494 1032 1584 facilest

55 1605 191 1681 sponte
208 1591 628 1684 hencipraedicetionem
652 1593 854 1682 accipiunt,
887 1593 929 1664 in·
952 1615 1031 1664 cer«

55 1699 136 1760 tani
162 1713 267 1781 spent
297 1695 448 1764 venient
476 1692 654 1762 amicitiae
686 1715 781 1762 mese
818 1694 1030 1783 :sternique

54 1792 240 1880 praemii,
258 1815 278 1862 a
295 1792 373 1861 'deo
397 1793 667 1863 omnitenente.
683 1791 925 1885 expectandis
961 1795 1029 1883 qui

54 1911 144 1960 nero
159 1889 408 1979 adversantur,
422 1891 643 1983 nequelaetn
657 1891 747 1964 huie
756 1893 902 1976 nuntio,
912 1908 1028 1982 quem

54 2005 187 2058 tenere
212 2006 250 2062 et
271 1992 461 2062 observare
488 1992 643 2062 maximi
667 1992 834 2084 ipsorum
856 1993 1026 2078 interest,

53 2088 323 2180 obsequuntur,
349 2091 441 2162 iram
455 2114 580 2164 metm
598 2110 833 2186 petuntque,
859 2113 949 2182 quas
964 2089 1026 2162 ed·

50 2187 186 2259 hibere
199 2197 350 2284 potero,
369 2192 544 2262 sentient.
565 2253 568 2260 .
596 2192 679 2268 Rex
691 2189 844 2284 longam
860 2204 897 2260 et
914 2187 1025 2262 diser·

49 2299 130 2357 tam
146 2287 276 2359 hebuit
291 2291 495 2364 orationem
506 2315 517 2373 3
528 2313 627 2360 enm
640 2311 727 2360 vero
741 2290 857 2362 linem
876 2288 1024 2360 dicendi

50 2386 206 2480 feceret,
228 2391 388 2460 surrexit
403 2413 450 2460 ex
465 2392 619 2477 colonis,
644 2389 710 2478 qui
724 2390 824 2460 inter
846 2387 908 2457 eos
924 2410 1023 2458 unus

48 2486 89 2555 in
106 2487 355 2582 disertissimis
371 2501 472 2576 erat„
484 2505 596 2578 atque
612 2489 657 2559 eb
671 2489 717 2556 iis
731 2489 963 2574 subornatus,
979 2501 1023 2556 ut

49 2589 195 2674 primus
213 2590 293 2680 regi
301 2589 550 2682 responderet
569 2603 606 2657 et
620 2587 800 2680 religioni·
812 2585 1021 2674 christiane

49 2686 91 2754 ab
111 2709 156 2756 eo
174 2690 406 2759 annuntiate
427 2687 716 2770 contradicerem
766 2684 829 2756 hie
857 2709 955 2774 vero,
973 2691 1020 2762 si·

50 2783 174 2856 mulae
195 2785 265 2856 feri
286 2789 456 2879 incipere
478 2789 608 2874 ioluit,
631 2801 732 2858 teuta
748 2785 836 2856 tussi
860 2801 898 2854 et
912 2784 1019 2878 spiri·

48 2898 108 2954 tus
118 2885 341 2957 diffieultete.
350 2889 514 2968 laborare
526 2889 651 2982 eupit,
665 2899 708 2952 ut
722 2885 872 2957 ‚nullam
889 2905 1022 2966 vocem

50 3007 268 3075 expromere
286 3001 426 3079 posset,
459 3009 573 3082 quare
598 2983 745 3056 resedit.
797 2988 899 3057 Tum
924 2985 1018 3056 alius

49 3087 203 3156 colenus
219 3088 402 3182 surgebat,
430 3086 494 3178 qui
518 3086 709 3177 responsis.
725 3083 859 3180 cudere
880 3085 1015 3172 noluit,

49 3185 118 3252 etsi
129 3186 251 3274 priori
267 3207 326 3259 res
344 3189 468 3256 minus
483 3185 579 3256 bene
595 3184 840 3267 successisset-3
870 3198 914 3255 ut
928 3201 1018 3262 veru,

46 3282 114 3354 ieri
127 3285 282 3374 incepit,
307 3283 542 3356 edenbalbus
564 3286 687 3370 evasit,
711 3296 754 3352 ut
768 3284 919 3356 nullum
934 3307 1014 3358 ver·¹
1051 3340 1055 3349 e

47 3382 135 3452 lium
159 3384 284 3474 eloqui
306 3399 426 3478 posset
442 3387 506 3467 ite,
537 3399 581 3456 ut
600 3384 898 3479 intelligeretur,
930 3397 1015 3456 tum

47 3497 251 3570 presentes
267 3493 394 3558 omnes
415 3484 542 3556 ridere
555 3493 768 3584 suiper'unt5
783 3540 786 3550 .
803 3506 889 3573 quo.
901 3482 1014 3569 iectu,

45 3582 109 3651 ille
133 3583 282 3655 resedit
348 3584 495 3656 Deinde
528 3586 662 3654 tertius
694 3585 856 3652 surrexit
878 3596 1038 3678 magns·

47 3687 130 3750 curn
153 3683 208 3752 ira
229 3699 266 3752 et
270 3685 405 3794 festu,
432 3701 469 3752 et
495 3685 605 3756 ve'rbe
625 3683 795 3754 adversus
811 3704 941 3776 regern
958 3681 1010 3752 fa-

47 3803 126 3850 cere
142 3769 280 3900 voluit,
290 3785 429 3880 lingue
442 3783 677 3854 volubilitate
690 3797 728 3851 et
738 3785 919 3872 exquisita
933 3805 1012 3851 ore

45 3883 152 3952 tione
163 3883 280 3956 so‘cios
296 3907 380 3962 suos
394 3883 525 3968 ulcisci
543 3881 729 3981 cogitans,
753 3881 815 3951 hic
832 3901 917 3952 vero
932 3895 1008 3952 tam

46 3991 154 4051 ratus
165 3974 203 4052 'et
218 4004 349 4060 raucus
364 3972 502 4090 extitit,
527 3997 571 4054 ut
583 4001 705 4098 neruo,
733 3981 823 4076 quid
839 3984 1011 4072 loquere·

79 4113 143 4168 Vol.
161 4116 186 4166 1.
475 4170 479 4183 ,
699 4139 706 4176 χ
775 4081 809 4154 U
