2534 4778
279 283 371 378 224
566 303 838 372 ·.····..·.··..··........···
1078 295 1127 358 c
1149 293 1203 364 as.

214 501 317 593 Hnic
332 509 483 588 militiae·
497 503 924 602 int'arfriithgnvaldus
935 507 1092 603 dynasta
1106 515 1201 586 Mae·

215 623 369 704 riarum,
394 629 432 686 et
443 616 560 684 frater
574 615 665 700 ejus,
675 613 832 690 nomine
851 611 1047 703 Sigurdus.
1075 615 1204 686 Etiam

215 743 346 812 regens
362 711 571 788 Haraldum
589 707 817 802 sequebatur
839 713 933 800 Ivar,
960 713 1063 783 filius
1077 717 1203 807 Ragn-

215 821 316 890 valdi
333 816 510 911 dynastae,
537 816 602 904 qui
616 813 670 882 ibi
689 813 730 882 in
745 813 881 903 proelio
897 816 1103 900 occubuit,
1128 821 1205 888 Ha·
1251 805 1252 858 1

215 921 340 992 raldus
360 933 489 987 autem
511 937 577 984 rex
603 913 943 984 ad‘resarciendam
966 913 1035 983 filii
1060 916 1204 985 caedem

216 1019 435 1116 Rdgnvaldo
456 1017 623 1108 dynasta
642 1013 919 1102 Hjaltlandiam
944 1028 983 1084 et
1006 1016 1204 1109 Orkneyas

218 1123 338 1208 dedit,
360 1195 364 1206 ,
388 1120 543 1210 dynasta
577 1139 667 1186 vero
694 1114 1079 1206 tradiditsutramque
1107 1117 1206 1188 hanc

215 1219 474 1293 terramfratri
490 1239 559 1284 suo
578 1215 771 1312 Sigurdo¹.
806 1214 909 1284 Cum·
922 1216 1113 1286 orientem
1126 1242 1206 1287 ver·

217 1347 279 1392 sus
308 1345 397 1390 cum
418 1319 494 1386 suis
516 1317 711 1411 navigaret
733 1339 799 1384 rex
816 1314 1031 1404 Haraldus,
1046 1317 1105 1386 vir
1124 1317 1206 1408 qui·
1253 1365 1254 1372 κ

217 1424 323 1505 dam,
355 1419 512 1489 nomine
538 1417 731 1505 naudus,
773 1417 884 1486 Olavi
908 1417 994 1487 Albi
1024 1432 1063 1487 et
1087 1419 1203 1490 Audae

216 1522 427 1596 Praedivitis
452 1519 572 1606 silius,
614 1539 653 1586 se
681 1518 826 1588 socium
851 1517 1013 1610 Sigurdo
1039 1519 1204 1613 dynasta

217 1622 401 1710 adjunxit.
462 1618 513 1690 Hi
531 1619 669 1704 Skotiae
697 1637 800 1702 arma
822 1616 1059 1708 intulerunt,
1091 1633 1205 1712 atqua
1254 1611 1255 1628 ¹

217 1728 446 1796 Katanesum
463 1737 501 1790 et
515 1719 799 1789 Sudurlandum
814 1715 860 1788 ad
870 1717 1065 1806 Ekkjalem
1081 1743 1204 1813 usque

218 1839 509 1914 occupaverunt.
592 1821 772 1916 Sigurdus
817 1819 971 1912 dynasta
993 1817 1208 1913 'dynastarn
1255 1794 1256 1882 i

219 1925 409 2018 quendam
423 1921 629 2010 Skoticum,
648 1921 805 1992 nomine
828 1920 1084 2012 Melbrigdam
1099 1925 1205 1992 Den-

217 2031 343 2113 tem³,
367 2023 521 2110 occidit,
549 2036 664 2113 atque
689 2035 805 2114 caput
826 2021 908 2106 ejus
925 2021 1015 2090 loris
1032 2021 1205 2112 ephippii
1256 2086 1257 2126 ,

217 2124 397 2217 posticis4
419 2123 606 2214 alligavit,
644 2146 771 2192 suram
791 2145 880 2192 vero
905 2119 1028 2204 denti,
1070 2125 1139 2212 qui
1159 2145 1204 2192 ex
1256 2157 1257 2166 κ

220 2226 341 2315 capite
368 2223 630 2313 prominebat,
653 2222 834 2314 impegit,
866 2221 969 2290 unde
994 2234 1123 2293 tantus
1142 2244 1208 2314 pe-

221 2325 314 2394 dem·
325 2323 461 2394 invasit
477 2338 616 2410 tumor,
641 2338 687 2392 ut
702 2337 866 2392 mortem
881 2321 970 2390 inde
987 2335 1206 2414 pateretur3
1257 2391 1258 2416 ἑ

219 2426 286 2494 ille
314 2425 360 2493 ad
378 2424 500 2514 ripam
518 2424 643 2494 Albis³
676 2425 887 2492 tumulatus
911 2435 977 2490 est.
1050 2425 1208 2494 Guttor·

219 2549 306 2594 mus
328 2524 528 2593 eratfilius
551 2523 702 2616 Sigurdi
723 2524 906 2618 dynastae,
950 2521 1016 2614 qui
1035 2539 1122 2615 post
1142 2547 1206 2616 pa-

220 2639 319 2694 trem
339 2647 415 2694 una
436 2625 566 2694 hieme
575 2625 708 2694 insulis
726 2623 948 2716 imperavit,
975 2637 1013 2692 et
1031 2625 1204 2716 improlis

225 2723 393 2800 decessit.
454 2726 555 2796 Hinc
578 2725 729 2818 piratae,
771 2725 871 2797 Dani
899 2741 938 2794 et
960 2725 1207 2819 Nordmanni,

222 2825 364 2895 insulas
383 2825 616 2896 insederunt.

224 2959 255 3012 G.
270 2955 316 3010 41.
354 2957 383 3007 si
399 2975 462 3008 vero
480 2935 604 3027 praeferes
623 2957 684 3008 lect.
712 2954 779 3021 aida,
814 2957 849 3010 ob
865 2956 1019 3011 antecedens
1038 2977 1069 3022 a,
1101 2947 1208 3026 iungere

221 3050 284 3102 licet
299 3045 387 3118 digitis
402 3047 521 3110 loebraut,
539 3047 629 3100 dolosa
648 3049 717 3098 ensis
733 3050 786 3112 via,
800 3047 918 3118 clypeus,
939 3051 993 3113 ejus
1009 3051 1122 3114 liverrr'r,
1135 3067 1208 3118 proe-

222 3141 321 3202 lictor,
342 3151 399 3188 tum
419 3137 476 3190 eide
493 3137 555 3204 Md,
575 3151 640 3190 tem
657 3139 755 3202 isthmi,
770 3141 818 3192 erit
835 3141 927 3193 insula·
939 3142 1014 3192 Μὸιι.
1036 3137 1069 3205 ζ)
1088 3139 1208 3204 loebraut,

222 3233 267 3284 via
287 3229 396 3294 dolosa,
422 3248 471 3298 pro
489 3232 554 3282 mari
574 3233 659 3299 accipi
678 3243 783 3300 posset,
809 3229 854 3284 vel
870 3233 913 3282 via
930 3229 1048 3300 liquida,
1075 3231 1151 3296 αἶα,
1172 3229 1209 3280 id.

224 3339 252 3390 q.
271 3321 326 3384 tt,
354 3315 462 3389 liquor,
485 3319 519 3370 h.
552 3321 694 3376 lccbrautar
719 3320 783 3388 did,
804 3323 878 3390 regio
896 3322 1041 3386 maritima,
1065 3321 1093 3372 h.
1123 3321 1147 3372 1.
1163 3307 1210 3377 'dc

225 3410 321 3464 insula.
950 3428 952 3432 ’
1023 3461 1026 3468 ,

265 3500 296 3572 Ι)
312 3504 370 3552 Rex
388 3513 473 3552 autam
490 3505 618 3560 Har-aldus
637 3505 753 3574 dynastae
772 3503 877 3556 titulum
902 3501 1015 3570 sigurdo
1038 3503 1127 3570 dedit,
1166 3511 1210 3578 qui

224 3593 263 3646 ibi
280 3596 308 3644 iu
329 3591 463 3644 occidente
486 3600 622 3662 remansit,
651 3599 724 3648 aad„
759 3597 798 3661 B,
828 3592 859 3647 C.
900 3596 933 3662 ²)
955 3595 1097 3646 Thorstetn
1115 3597 1210 3663 Rufus,

224 3684 262 3748 B,
290 3681 328 3747 C,
356 3684 387 3734 F.
431 3681 462 3750 ⁸)
483 3682 597 3736 siccet.
633 3687 718 3752 codd3
744 3688 773 3737 in
790 3690 818 3738 A
834 3703 897 3738 vero
915 3685 958 3736 hae
977 3701 1057 3739 voces
1074 3708 1129 3740 non
1151 3708 1211 3741 cer-

224 3786 329 3826 nuntur.
367 3774 404 3842 ⁴)
421 3777 561 3847 Slagdlar,
575 3779 631 3834 lora
646 3779 680 3830 ad
697 3777 964 3832 circumvinciendum
984 3791 1051 3848 apta,
1079 3781 1212 3851 equitibus

224 3869 255 3917 in
275 3883 340 3932 usu,
362 3885 389 3918 v.
409 3863 593 3922 Fdstbraetrss.
623 3871 665 3924 cd.
699 3873 791 3922 Havn.
817 3868 934 3940 p-109:
960 3872 1087 3936 pdrarinn
1105 3870 1213 3925 reidtr

224 3957 397 4028 Hraundiifn,
428 3957 497 4008 kann
515 3959 598 4024 haldi
614 3956 697 4030 itifiad'
722 3961 846 4030 borgeire
865 3963 879 4013 ι’
895 3963 954 4034 belg
971 3960 1020 4015 vid
1035 3962 1158 4032 alagdlar
1175 3966 1211 4013 adr

224 4048 261 4100 iil
277 4050 393 4118 rigentia,
423 4060 449 4098 et
466 4046 548 4100 Orkn·
581 4050 610 4105 S·
645 4069 674 4121 p·
702 4047 770 4104 346:
803 4055 899 4106 Skotar
919 4052 981 4106 rid'u
1000 4053 1032 4106 ok
1051 4051 1138 4124 dbjdu
1160 4051 1212 4126 ,vid

225 4138 342 4209 slago'lar
359 4141 434 4194 busur
443 4139 534 4210 fillar
548 4141 629 4208 afsil
642 4146 675 4196 ri.
722 4143 753 4213 5)
773 4143 905 4212 Ekkjalis,
923 4146 960 4208 B,
983 4142 1020 4211 C,
1039 4144 1072 4196 F.
