2534 4778
281 277 373 365 220
560 288 842 352 εξ
1065 285 1136 348 -c.
1154 282 1217 352 94.

220 523 289 596 est,
314 519 359 575 ut
374 525 488 574 nemo
507 502 644 580 audeat
657 525 784 593 neque
809 496 917 592 loqui
934 521 1068 590 -neque
1084 496 1216 566 facere

219 608 329 676 aliter
345 629 388 674 ac
412 604 529 692 velit,
562 604 603 672 id
626 602 877 689 tamenideo‘,
902 599 1004 690 quod
1019 621 1215 689 nusquam
1256 683 1257 686 Ἴ

172 774 185 796 s
218 707 373 778 aliunde
391 704 528 796 respici
542 717 671 795 potest
688 703 894 796 quidquam
905 700 1061 784 auxilii3
1085 712 1132 767 ut
1145 723 1216 767 au-

217 823 300 878 tem
323 804 395 876 tibi
419 827 508 875 vera
539 805 679 894 dicam,
727 805 817 872 novi
844 804 1056 872 multorum
1085 798 1214 867 homi-

219 933 331 996 num,
363 919 443 1002 tam
461 906 712 997 optimatum,
748 927 862 994 quam
880 903 1002 995 plebis
1025 899 1212 987 animum,

219 1009 288 1102 qui
306 1009 471 1080 maxime
488 1008 659 1097 cupiant,
693 1019 738 1074 ut
756 1005 989 1098 Norvegiam
1010 1001 1123 1070 adeat
1144 1001 1214 1068 ali·

219 1109 305 1202 quis
327 1108 373 1177 de
391 1129 530 1202 genere
546 1107 703 1180 Haraldi
717 1104 967 1186 Pulcricomi,
989 1102 1214 1197 indigenam

219 1224 349 1280 autern
370 1209 544 1278 videmus
558 1210 770 1298 neminem,
805 1206 872 1299 qui
890 1204 1018 1276 hocin
1035 1225 1076 1271 se
1094 1203 1212 1270 susci-

218 1309 313 1401 piat,
337 1332 421 1378 eam
439 1307 605 1378 maxime
622 1309 669 1379 ob
687 1331 854 1398 causam,
888 1303 991 1398 quod
1010 1317 1213 1395 expertum

219 1431 301 1479 esse
318 1409 513 1497 videatur,
550 1411 745 1479 neminem
768 1431 857 1480 cum
885 1431 932 1477 eo
953 1427 1127 1499 pugnare
1147 1427 1211 1471 va·
1257 1403 1258 1454 ἒ

220 1511 312 1597 lere,
334 1524 538 1601 postquam
556 1533 646 1580 cum
663 1511 796 1602 piratis
811 1507 1067 1593 Jomensibus‚
1096 1503 1212 1573 tantis

218 1613 356 1701 opibus
373 1610 528 1699 adjutis,
565 1613 745 1702 proelium
777 1609 976 1682 commisit.
1048 1599 1140 1699 Qua!
1163 1603 1210 1674 de

221 1735 264 1782 re
282 1734 371 1780 cum
386 1711 523 1802 saepius
538 1713 653 1782 verba
669 1712 865 1800 fecissent,
889 1710 1026 1781 olavus
1046 1703 1212 1780 Thoreri

218 1835 362 1882 nomen
385 1835 500 1881 suum
518 1827 556 1880 et
571 1833 691 1906 genus
708 1812 875 1904 aperuit,
900 1833 977 1903 qno
990 1811 1092 1878 facto
1121 1827 1211 1874 eum

220 1911 490 2010 interrogavit:
517 1913 610 2003 quid·
625 1913 803 2004 opinaris,
829 1910 996 1985 Thorer!
1017 1909 1049 1978 si
1065 1909 1210 1978 inNor-

220 2013 369 2106 regiam
379 2013 639 2102 per-venerim,
654 2037 704 2082 an
713 2037 776 2083 me
794 2014 915 2084 velint
931 2009 1056 2083 coloni
1076 2029 1211 2100 regem

217 2127 329 2182 terrae
346 2112 522 2181 sumere?
547 2115 697 2186 Thorer
713 2137 803 2182 eum
816 2113 1067 2184 vehementer-
1081 2109 1211 2178 h'orta-

219 2225 380 2302 tuaest,
407 2225 451 2282 ut
469 2215 698 2306 Norvegiam
711 2215 851 2302 adiret,
877 2215 1064 2303 illumque
1086 2223 1207 2300 atque

221 2314 303 2402 ejus
315 2313 497 2382 virtutem
507 2335 740 2408 magnopere
750 2315 931 2398 laudavin
952 2312 1096 2384 addidit
1112 2331 1210 2401 prae-

220 2414 1210 2506 tereeThorar:jambenefecisti‚-Olave!quodtenon

219 2514 754 2605 ampliusmihioccultaveris‚
766 2519 904 2586 multas
914 2518 1017 2586 enim
1028 2534 1098 2606 ego
1108 2512 1209 2580 mul·
1258 2599 1259 2608 ἵ

219 2616 327 2704 tique
344 2615 407 2684 alii
418 2615 579 2710 Norvegi
596 2617 642 2684 de
659 2618 874 2708 praestantia
892 2632 958 2686 tua
974 2613 1207 2684 narrationes

220 2713 446 2804 audivimus,
463 2731 502 2784 et
522 2727 664 2786 utvera
680 2718 750 2788 tibi
765 2719 955 2810 profitear,
980 2740 1024 2786 ea
1042 2714 1208 2784 maxime

217 2815 293 2884 fuit
309 2837 418 2884 causa
429 2817 554 2905 hujus,
572 2819 808 2890 occidentem
823 2841 950 2890 versus
969 2831 1071 2886 trans
1087 2835 1205 2900 mere,

221 2917 386 3007 suscepti
394 2916 554 3002 itineris,
563 2919 1030 3017 quodrogatuprincipum
1038 2916 1207 3008 Upplan·

220 3017 356 3088 dorum
372 3032 486 3108 atque
504 3019 668 3089 aliorum
683 3035 839 3091 tuorum
850 3021 1059 3092 illustrium
1068 3037 1206 3109 cogna-

219 3133 348 3186 torum
358 3118 550 3208 profectus
561 3120 643 3208 sim,
657 3137 701 3190 ut
709 3124 844 3192 certior
852 3123 997 3210 fierem,
1014 3121 1098 3212 quis
1109 3129 1207 3186 esset

219 3220 275 3286 vir
288 3219 394 3286 Olius
407 3219 471 3286 ille
483 3219 678 3310 Gardicus‚
702 3223 837 3314 de‘quo
851 3239 932 3293 tam
954 3223 1093 3293 eximia
1118 3240 1206 3290 con*

221 3319 330 3386 tinuo
349 3319 510 3388 ferretur
527 3319 645 3410 fama,
673 3325 761 3394 ersi
779 3338 881 3394 certo
901 3323 1204 3418 exploravissem‚

221 3418 323 3509 quod
362 3419 439 3504 jam
451 3441 585 3504 verum
602 3436 670 3512 est,
697 3439 735 3493 te
754 3447 832 3496 esse
851 3427 1011 3496 Olevum
1026 3419 1206 3516 Tryggvii

219 3517 357 3606 filium,
377 3541 419 3588 ea
436 3519 510 3587 fuit
529 3525 894 3620 consanguineorum
912 3541 1069 3595 tuorum
1089 3537 1204 3610 atque

219 3621 342 3688 totius
352 3619 486 3711 populi
497 3625 698 3720 Norvegici
712 3626 858 3717 petino,
873 3640 917 3696 ut
929 3649 1042 3718 quam
1052 3619 1205 3693 celerri-

220 3741 282 3788 me
301 3741 344 3786 eo
367 3722 581 3810 pervenires
599 3744 637 3793 et
655 3727 830 3798 dominus
848 3740 957 3796 terrae
974 3729 1105 3812 fieres;
1125 3724 1202 3808 aje-

219 3819 432 3908 beniamin,
453 3824 696 3912 quodverum
714 3841 781 3914 est,
797 3827 992 3919 dynastam
1002 3826 1204 3896 nullasha-

220 3917 310 3988 bere
334 3920 429 3988 vires
453 3923 501 3990 ad
524 3923 766 3994 retinendum
789 3927 1009 4018 imperium,
1056 3927 1088 3996 si
1114 3948 1203 3995 cum

217 4019 390 4116 principe
418 4021 597 4118 indigena
626 4026 802 4098 adversus
834 4053 923 4100 eum
948 4031 1115 4124 populus
1145 4028 1201 4096 in-
