2554 4778
279 285 372 383 254
565 299 835 363 ...mm
998 297 1190 367 ciceron

219 521 273 592 Ut
307 539 395 587 vero
417 513 551 584 incolae
584 507 808 578 continentis
832 497 1191 601 ‘nnbnadrenerunq

219 620 357 690 insulas
371 617 416 686 ab
430 611 648 682 hominibus
661 623 885 699 occupatas,
909 609 1089 699 arbitrati,
1105 637 1194 704 prae-

222 719 334 788 dones
366 737 458 802 esse,
496 733 629 805 pecora
652 731 719 779 sua
743 707 956 797 abacturos,
1002 713 1193 782 Hakonem
1259 773 1260 810 ,

223 820 415 910 dynastam
439 814 624 898 adierunt,
649 823 857 900 querentes,
878 831 1056 904 magnam
1072 813 1195 880 multi·
1259 813 1260 816 ’

222 917 393 988 tudinem
410 913 666 986 maleficorum
683 925 720 976 et
735 909 889 986 exulum
905 912 945 979 in
968 912 1101 980 insulis
1121 911 1193 982 Sel-

222 1022 257 1110 ja
273 1033 311 1085 et
326 1017 447 1086 Kinna
466 1039 559 1098 esse,
587 1011 653 1102 qui
668 1008 890 1080 continentis
912 1011 1123 1082 incolarum
1137 1037 1195 1104 pe·

224 1118 372 1186 ceribus
394 1133 575 1210 magnum
604 1111 870 1180 detrimentum
892 1112 1062 1196 afferant3
1088 1135 1197 1204 quare

222 1241 261 1288 se
283 1219 327 1286 ab
345 1239 388 1284 eo
404 1231 541 1307 petere,
559 1229 602 1282 ut
617 1233 855 1304 magnacum
871 1237 986 1288 manu
1002 1213 1196 1306 profectus,

224 1317 435 1411 praedoneS,
461 1313 527 1406 qui
543 1315 584 1382 in
599 1313 728 1382 insulis
742 1311 834 1398 sint,
862 1315 1061 1405 opprimat.
1125 1317 1196 1384 Ho-
1259 1375 1260 1396 ,

225 1442 311 1488 rum
334 1417 507 1509 precibus
535 1413 710 1482 inductus
740 1411 907 1504 dynasta,
940 1415 1087 1505 magnis
1116 1435 1197 1483 cunr

226 1517 357 1609 copiis,
385 1515 489 1608 quasi
507 1513 554 1582 ad
575 1513 752 1604 prrelium
770 1513 980 1603 instructis,
1005 1515 1047 1583 in
1061 1515 1195 1583 insulas
1259 1547 1260 1550 ¹

226 1617 429 1688 contendit.
481 1615 664 1686 Homines
677 1635 763 1682 vero
782 1614 850 1682 deo
868 1615 963 1701 cari,
996 1615 1062 1706 qui
1089 1615 1130 1684 in
1148 1615 1199 1684 in·.

224 1717 452 1804 suliserant,
473 1714 596 1786 hostes
608 1713 849 1782 »advenientes
867 1715 1088 1806 conspicati,
1116 1737 1199 1784 cum

225 1841 263 1888 se
288 1818 367 1908 peti
383 1816 672 1900 arbitrarentur,
699 1829 806 1884 antra
832 1836 899 1884 sua
915 1815 1131 1912 introgressi
1160 1815 1199 1882 ab

228 1918 486 2010 omnipotente
504 1915 572 1985 deo
590 1913 819 2006 petiverunt,
841 1930 886 1984 ut
906 1915 1105 1986 animabus
1130 1915 1201 1983 suia

227 2035 405 2088 aeternam
422 2015 593 2088 Paradisi
612 2015 801 2084 felicitatis
823 2014 1005 2108 quietem,
1040 2035 1203 2108 quacun-

229 2141 301 2210 que
317 2119 468 2186 tandem
485 2131 607 2187 morte
622 2115 831 2206 periissent,
856 2117 1091 2202 concederet,
1111 2114 1204 2182 siba

231 2239 304 2308 que
328 2240 395 2309 pro
412 2239 486 2285 sua
509 2216 705 2284 clementia
719 2229 766 2284 -et
788 2216 1016 2306 benignitate
1040 2217 1204 2307 sepultu-

229 2341 311 2388 ram
326 2317 571 2410 prospiceret,
596 2337 644 2382 ne
662 2314 753 2382 mali
771 2317 909 2408 pagani
925 2315 1119 2384 funeribus
1136 2317 1205 2385 suis

229 2416 475 2512 potirentur·
516 2415 660 2506 Optatis
684 2434 818 2484 eorum
842 2416 894 2484 ita
916 2415 1090 2485 satisfecit
1122 2415 1206 2485 deus

231 2519 486 2612 omnipotens,
509 2531 553 2584 ut
570 2515 611 2582 hi
629 2515 697 2582 deo
713 2517 806 2584 sacri
815 2515 992 2586 hemines
1005 2516 1073 2584 tuli
1095 2517 1204 2584 modo

163 2645 176 2658 ⁸
230 2617 536 2703 vitamfinirent,
561 2630 606 2684 ut
622 2614 789 2708 ingentes
806 2615 960 2708 delapsae
983 2639 1094 2708 rupes
1119 2617 1207 2686 ostia

231 2733 448 2804 antrorum,
473 2717 515 2803 in
534 2716 668 2806 quibus
685 2730 806 2800 eraut,
830 2717 1123 2807 pr-aecluderent,
1157 2717 1207 2786 sic

231 2817 433 2912 praemium
466 2833 613 2886 aeternae
631 2816 829 2886 ⁴beatitatis
852 2837 922 2908 pro
942 2815 1208 2910 temporalibus

233 2919 339 2988 bonis
361 2917 536 3008 operibus
563 2916 766 2984 consecuti.
827 2917 965 3012 Pagani
990 2933 1137 3004 autem,
1168 2917 1207 2984 in

232 3017 373 3094 insulas
390 3017 522 3104 delati,
547 3039 634 3086 cum
651 3017 820 3086 homines
836 3033 1055 3110 quererent,
1082 3015 1209 3086 mirati

231 3135 334 3201 sunt,
362 3117 561 3208 quodinon
583 3117 826 3208 invenerunt,
850 3140 964 3207 quos,
993 3119 1106 3210 paulo
1125 3131 1209 3186 ante

233 3241 345 3288 suum
375 3218 417 3286 iu
442 3217 580 3287 insulas
609 3216 811 3288 adventum
834 3218 1027 3302 vidissent,
1063 3241 1138 3310 qua
1170 3239 1209 3286 re

232 3319 284 3386 sic
300 3331 403 3409 gesta
426 3333 669 3387 reverterunt.
1259 3329 1260 3394 l

290 3418 436 3488 lifterdi
459 3422 513 3486 aa
533 3419 708 3488 insulam
734 3419 869 3510 seljam
889 3430 1161 3510 pervenerunt.

238 3510 241 3544 ²
337 3517 514 3610 Cap.107.
564 3520 655 3588 Post
668 3518 874 3608 aliquan-to,
890 3535 1039 3589 mortuo
1056 3517 1209 3589 Hakone
1259 3523 1260 3606 l

237 3616 407 3708 dynasta,
447 3639 544 3686 cum.
560 3619 696 3688 Olavus
719 3621 895 3716 Tryggvii
915 3619 1017 3688 filius
1050 3639 1209 3714 regnum
1259 3607 1260 3696 Ῐ

235 3715 400 3807 adiisset,
420 3719 584 3805 accidit,
613 3733 658 3788 ut
675 3719 749 3790 duo
768 3736 938 3813 potentes
956 3719 1104 3788 coloni¹
1125 3741 1209 3787 cum

235 3817 381 3907 aliquot
394 3817 492 3904 viri-s,
514 3819 614 3888 'nave
627 3818 745 3906 vecti,
772 3820 817 3888 ab
837 3819 993 3888 meridie
1009 3843 1053 3889 ex
1071 3818 1211 3906 Fibrdis

236 3916 279 3986 in
295 3916 620 3990 Thrandheimum
636 3919 683 3988 ad
700 3912 897 3992 Hakonem
913 3919 1102 4012 dynastam
1126 3939 1209 4010 pro·
1259 3925 1260 3940 *

186 4101 190 4120 ,
236 4021 676 4119 ’¹)‘A1ie⁴i‘r1{al·dusngilevae
692 4045 778 4116 finus,
796 4049 860 4100 alter
874 4065 939 4102 vero
955 4047 1078 4099 Thonlus
1090 4049 1209 4100 Jorunua

237 4137 322 4206 filius,
353 4138 413 4191 add.
430 4139 460 4191 F.
