2554 4778
60 345 94 406 c.
120 343 192 411 tot.
429 339 696 394 -m

430 393 695 416 *⁸⁸*—

60 557 311 646 donaturum;
348 555 379 625 si
412 578 500 624 vero
534 571 637 629 tuam
672 561 712 630 in
737 587 798 631 me
831 564 945 633 fidem
969 591 1047 635 non

57 661 198 750 prodis,
224 661 332 744 bene,
358 669 403 723 ut
423 673 522 746 ante,
552 661 598 728 de
619 683 681 729 me
702 666 875 734 merebis
929 669 1047 736 Dein-

58 761 102 828 de
122 763 235 828 ambo
255 757 480 852 vigilabant,
512 773 556 826 ut
574 762 604 830 si
623 777 765 832 neuter
790 765 898 833 alteri
919 769 1047 835 crede-

56 879 127 929 ret.
170 863 337 952 Dynasta
353 872 492 944 autern,
519 861 588 930 sub
606 861 731 932 lucem
752 865 1044 958 obdormiscens,

55 985 146 1029 mox
161 959 357 1028 insomniis
376 961 555 1051 ¹agitatus,
587 961 821 1038 horrendum
857 969 1044 1059 clamavit,

57 1078 93 1130 et
111 1059 280 1157 calcibus
295 1078 333 1129 et
350 1059 514 1152 occipite
532 1063 604 1130 niti
621 1067 754 1156 coepit,
780 1081 824 1135 ut
839 1069 871 1136 ¹si
890 1091 1045 1136 consur-

56 1183 145 1256 gere
170 1163 295 1230 vellet.
343 1163 423 1254 Qua
441 1185 481 1228 re
494 1185 633 1250 servus,
656 1165 812 1235 horrore
832 1184 868 1236 et
884 1171 1041 1237 timore¹

56 1275 261 1354 correptus,
285 1261 451 1329 cultrum
469 1263 665 1356 ingentem
685 1279 722 1334 et
739 1283 891 1336 acutum
913 1273 1044 1338 excin-

54 1366 142 1458 gulo
163 1375 230 1430 su'o
248 1361 473 1451 depromsit,
508 1387 631 1454 eoque
657 1369 861 1452 tra-jectum
880 1369 1043 1462 dynastae

53 1479 185 1557 guttur
203 1463 378 1545 dissecat3
405 1461 477 1530 hoc
494 1465 606 1532 modo
620 1467 752 1537 Hakon
764 1469 921 1562 dynasta
945 1496 1044 1540 mor-

53 1565 266 1634 remobiit.»
307 1561 458 1634 Deinde
475 1565 614 1634 Kerkus
635 1581 749 1657 caput
769 1570 931 1662 dynastae
947 1595 1042 1662 prae-
1111 1559 1115 1570 ⁵

54 1665 175 1734 cisum
199 1664 355 1733 abstulit
384 1685 531 1752 secum,
569 1689 761 1760 cursuque
788 1671 927 1744 Hladas
955 1696 1043 1740 con-

53 1766 185 1853 tendit,
212 1788 285 1856 quo
304 1763 486 1855 postridie
500 1767 736 1858 perveniens,
754 1772 837 1864 regi
848 1772 964 1856 Olavo
983 1795 1043 1840 ca-

53 1883 120 1956 put
140 1866 305 1957 dynastae
323 1863 448 1952 tradit,
465 1867 671 1958 omniaque
688 1869 732 1938 de
751 1869 1042 1961 itinereeorurn,

53 1968 106 2034 uti
131 1980 219 2035 ante
236 1979 576 2035 commemoratum
595 1983 671 2057 est,
706 1971 872 2061 exponit.
939 1977 1042 2044 Turn

51 2091 113 2134 rex
131 2068 274 2136 Olavus
292 2065 396 2135 infit:
416 2117 419 2122 ·
439 2089 550 2155 quam
570 2068 616 2135 ob
642 2093 794 2140 causam
811 2071 926 2140 fidem
954 2071 1043 2165 erga

53 2167 248 2259 dynastam
276 2165 467 2234 fefellisti?
501 2169 643 2238 Karkus
677 2171 900 2262 respondet:
924 2174 1041 2241 inter·

51 2268 121 2337 leci
145 2267 338 2359 dynastam
359 2266 520 2334 maxime
545 2275 703 2362 propter
729 2272 925 2364 splendida
951 2295 1040 2362 pro·

54 2370 174 2457 missa,
199 2392 281 2459 quae
299 2367 491 2458 pollicitus
509 2391 559 2455 es,
583 2371 614 2436 si
639 2372 721 2462 quis
745 2397 834 2441 eum
852 2373 1040 2441 interfice-

51 2487 118 2558 ret,
145 2469 376 2554 tumetium,
402 2467 500 2558 quod
518 2467 598 2537 fere
618 2473 857 2561 nesciebam,
891 2473 980 2564 quid
999 2473 1041 2539 iri

51 2570 285 2638 terribilibus
302 2565 378 2658 illis
400 2567 531 2656 turbis,
560 2569 651 2660 quas
673 2572 827 2663 dynasta
844 2573 1040 2641 interdor-

51 2669 244 2738 miendnm
266 2669 463 2764 excitabat,
479 2693 639 2764 agerem.
677 2675 758 2742 Rex
776 2687 926 2743 contra:
944 2697 1036 2765 prae-

51 2773 165 2858 stabo,
195 2795 277 2860 quae
298 2768 458 2838 eadere
484 2769 675 2859 pollicitus
691 2797 793 2862 sum,
817 2788 862 2842 ut
882 2773 1040 2868 dignum

52 2872 187 2940 referas
203 2871 336 2940 laboris
354 2869 571 2959 praemium,
599 2874 899 2966 superstitesque
919 2875 1062 2942 detor-·

51 2975 157 3062 rebo,
191 2994 240 3040 ne
261 2971 431 3040 dominos
458 2969 543 3039 dolo
576 2975 813 3064 opprimant3
855 2973 926 3042 etsi
951 2990 1039 3064 tuus

51 3071 162 3140 herus
181 3074 303 3141 malus
328 3085 443 3157 esset,
464 3073 726 3160 nihilominus
749 3073 925 3144 dominus
947 3087 1038 3142 tuus

51 3171 137 3262 fuit,
167 3185 282 3263 atque
302 3175 399 3240 bene
416 3171 462 3240 de
486 3185 525 3241 te
543 3175 724 3264 merituS,
761 3197 886 3267 neque
907 3190 969 3263 tu,
1007 3175 1039 3241 si

50 3274 146 3342 bono
159 3297 248 3341 usus
267 3274 409 3357 fuisses,
422 3273 658 3344 huncminus
676 3275 886 3346 fefellisses.
920 3277 1039 3346 Dein·

51 3374 92 3442 de
124 3395 194 3443 rex
226 3397 315 3442 eum
342 3373 470 3460 educi,
511 3395 704 3466 caputque
729 3379 884 3467 praecidi
913 3378 1034 3466 jussit.

51 3477 162 3566 Turn,
186 3475 320 3543 sumtis
337 3475 502 3543 Hakonis
520 3477 685 3568 dynastae
704 3491 742 3544 et
768 3478 879 3548 Karki
911 3478 1036 3566 capiti-

50 3575 131 3662 btn,
168 3599 234 3645 rex
252 3578 391 3645 Olovus
405 3599 615 3672 magnaque
634 3601 722 3645 cum
742 3577 1038 3646 eorusticorum

52 3676 257 3746 multitudo
282 3677 328 3745 ad
346 3677 662 3748 Nidarholmum²
690 3680 858 3767 trajecit,
891 3679 929 3746 in
964 3701 1037 3767 qua

50 3778 167 3848 insula
182 3780 284 3846 fures
309 3791 347 3845 et
370 3780 533 3848 malefici
558 3778 720 3846 interfici
746 3780 935 3866 solebant,
954 3777 1037 3859 ¹ibi·

50 3903 118 3970 que
139 3881 253 3947 arbor
271 3880 393 3962 stetit,
426 3880 501 3950 huc
529 3905 594 3951 rex
619 3880 738 3968 capita
766 3880 905 3950 adferri
931 3893 968 3946 et
995 3878 1037 3944 in

47 3983 310 3998 —nn-..n—n-uffl

87 4011 110 4075 ¹)
129 4009 324 4080 Felnujullros
345 4009 476 4076 tomulo,
507 4013 544 4062 sic
564 4011 602 4075 F,
630 4011 726 4080 obpro
747 4016 794 4076 of,
815 4013 849 4076 Α,
872 4008 943 4079 quod
961 4025 1035 4075 prar-

48 4103 182 4156 lereudnm
205 4115 277 4171 puto.
320 4097 350 4168 2)
371 4100 499 4154 Nutantes
523 4104 554 4154 od
576 4104 681 4168 Ildlms,
713 4105 750 4169 lt,
778 4122 814 4154 sc.
837 4101 1035 4152 nidorosorum

48 4195 152 4244 contulit
172 4193 285 4263 indeque
307 4199 335 4245 in
354 4194 462 4246 insulani
484 4197 590 4258 trajecit.
