2536 4788
64 515 264 570 mortuum
286 497 404 581 cadit:
439 523 554 592 quare
583 511 677 571 ante
692 503 820 571 omnia
843 501 1051 584 cavendum

65 603 172 672 vobis
201 615 279 687 est,
310 624 358 668 ne
382 601 689 692 inconspectum
717 627 847 672 eorum
872 604 1050 689 veniatis3

68 725 136 796 ego
160 727 225 771 vos
251 701 386 771 abdam
402 702 443 770 in
462 703 616 795 tugurio
634 728 740 790 meo,
777 729 850 796 quo
871 705 970 774 facto
988 729 1050 774 ex·-

66 805 272 894 periamur,
294 825 341 870 an
360 825 422 870 eos
439 827 574 872 necare
591 807 791 874 valeamus.
829 806 1052 889 Assentiunt

66 905 135 976 illi.
216 908 318 998 Quos
344 925 432 972 cum
454 904 677 991 abdidisset,
711 929 863 976 saccum
886 907 1052 975 linteum¹

66 1005 247 1096 arripuit,
284 1005 429 1090 cinere,
461 1019 504 1072 ut
525 1005 600 1074 illis
623 1005 833 1096 videbatur,
872 1009 1050 1098 plenum5

65 1107 168 1176 hunc
187 1129 259 1197 per
280 1105 496 1197 tugurium,
530 1113 609 1176 tam
635 1119 758 1198 extra,
798 1131 913 1202 quam
937 1109 1050 1196 intra,

65 1207 210 1298 sparsit.
247 1207 365 1276 Paulo
382 1221 469 1296 post
483 1207 594 1278 Firmi
612 1208 771 1278 domum
790 1221 985 1296 venerunt,
1014 1221 1052 1277 et

65 1308 345 1397 quaesiverunt,
381 1307 472 1397 quid
491 1307 721 1387 advenisset:
751 1334 794 1379 ea
814 1321 926 1405 negat
948 1309 1052 1401 quic*

64 1430 179 1497 quam
195 1407 399 1478 advenisse.
440 1411 524 1480 Hoc
539 1409 682 1478 mirum
698 1411 825 1482 Firmis
842 1411 962 1479 visum
980 1423 1047 1501 est,

62 1509 224 1602 vestigia
248 1509 350 1578 enim
375 1507 421 1576 ad
445 1510 644 1605 tugurium
669 1523 789 1605 usque
816 1511 947 1580 sectati
970 1511 1053 1582 sue*

62 1623 167 1697 rant,
196 1611 295 1678 nihil
310 1621 439 1676 tamen
454 1610 698 1680 invenientes.
725 1651 730 1660 ·
759 1611 909 1683 Deinde
925 1611 1054 1705 ignem

64 1710 288 1798 accendunt,
303 1701 597 1802 cibariapara'nt3
614 1711 906 1802 quibuscibatis,
922 1713 1053 1782 Guna-

63 1811 186 1879 hilda¹
216 1813 361 1880 lectum
387 1833 500 1879 suum
528 1812 671 1880 sternit.
752 1813 810 1882 Sic
835 1824 964 1880 autem
993 1833 1053 1880 res

64 1922 199 1980 antea²
218 1911 320 1980 inter
348 1933 409 1992 eos
429 1923 606 2000 cesserat,
640 1926 685 1981 ut
700 1915 795 1982 aiter
810 1913 972 1982 aiterum
990 1913 1054 1980 ob·

62 2012 220 2108 vigilans
245 2011 461 2104 zelotypiae³
493 2035 604 2080 causa
633 2013 893 2110 observaverit.
952 2015 1055 2084 Tum
1154 2041 1156 2045 ·

66 2113 309 2183 Gunnhilda:
342 2113 418 2179 huc
438 2109 584 2202 adeste,
615 2112 762 2204 inquit,
800 2125 838 2182 et
858 2111 1052 2204 utrimque

67 2213 325 2282 alateremeo
353 2213 546 2302 quiescite.
606 2213 722 2302 Laeti,
755 2237 838 2304 quoe
856 2213 1054 2282 mandave-

68 2329 136 2402 rat,
164 2313 320 2382 faciunt.
359 2316 413 2382 Ea
431 2313 572 2383 collum
589 2316 789 2406 utriusque
806 2312 964 2383 brachio
985 2313 1054 2382 cir·

71 2414 232 2500 cumdat,
246 2413 648 2504 moxqueillisobrepit
659 2415 831 2498 somnus,
850 2411 912 2480 illa
922 2435 1054 2482 somno

70 2537 127 2582 eos
147 2515 308 2596 excitat,
354 2513 550 2582 celeritas
571 2537 660 2583 vero
684 2515 824 2584 iterum
851 2512 1056 2582 obdormis-

71 2631 175 2704 cunt,
207 2629 252 2683 ut
268 2637 329 2683 eos
355 2615 416 2682 vix
441 2616 605 2684 excitare
623 2629 761 2707 posset.
822 2614 950 2687 Tertia
973 2613 1055 2682 vice

69 2729 143 2782 tam
159 2717 238 2784 alto
252 2735 383 2782 somno
409 2715 634 2806 capiuntur,
668 2731 713 2785 ut
728 2718 835 2787 nullo
859 2729 970 2808 pacto
994 2737 1056 2784 eos

71 2815 355 2909 expergefacere
389 2830 536 2904 posset,
578 2817 748 2908 quamvis
780 2839 842 2886 eos
878 2815 1051 2911 erigeret.
1081 2883 1083 2890 ,

71 2921 170 2987 Tum
198 2939 242 2984 ea
269 2916 359 2984 duas
378 2915 571 3006 ingentes,
605 2918 737 3006 phocis
763 2919 944 2986 detractas
967 2938 1057 3006 ersu-

70 3017 160 3106 vias,
201 3015 387 3108 capitibus
421 3039 553 3084 eornm
584 3017 889 3108 superinductae,
926 3017 1056 3084 subter

70 3117 231 3187 brachiis
248 3114 456 3204 arctissime
471 3117 707 3214 constringit,
720 3118 796 3187 illis
806 3115 1057 3185 nihilominus

72 3217 357 3290 dormientibus.
390 3311 392 3314 Ι
417 3221 519 3288 Tum
540 3219 759 3289 Gunnhilda
775 3217 924 3314 signum
941 3217 1056 3310 regiis

72 3320 150 3402 dat,
176 3319 236 3390 illi
253 3319 439 3406 advolant,
470 3316 625 3414 [Firmos
646 3319 758 3392 armis
776 3317 935 3405 caedunt,
951 3317 1057 3386 oc'ci·

71 3424 223 3510 sosque‘
255 3435 360 3488 extra
377 3420 576 3512 tugurium
590 3420 835 3511 protrahunt,
869 3417 983 3486 tantis
1001 3441 1056 3486 se-

72 3522 166 3588 cutis
182 3521 405 3608 tonitribus,
420 3605 423 3614 Ι
436 3534 480 3587 ut
493 3543 681 3611 nusquam
695 3519 881 3612 proficisci
894 3533 1054 3609 possent.

76 3616 205 3710 [Mane
225 3644 314 3691 vero
330 3620 525 3712 sequenti⁶
543 3645 655 3690 naves
668 3622 899 3712 petiverunt,
924 3619 1057 3689 Gunn-

73 3719 215 3792 hildam
236 3747 367 3793 secum
391 3723 594 3810 ducentes,
636 3721 889 3822 quam-Eirico
911 3721 1058 3791 obtule·

110 3855 137 3917 ¹)
158 3855 212 3922 ipsi
228 3843 395 3918 -sternunt,
414 3853 446 3904 F.
482 3848 511 3920 2)
526 3871 574 3922 per
592 3865 643 3906 tres
660 3863 758 3917 noctes,
776 3851 837 3902 add.
849 3851 870 3903 F
873 3886 881 3900 .
925 3846 952 3916 3)
973 3855 1058 3904 vand-

76 3939 149 4007 latis,
164 3945 289 4010 conject.3
311 3945 433 4008 vnndlotu
453 3945 488 4009 A,
509 3945 678 4009 insolentium
700 3940 841 4014 asbq'gdis
858 3941 880 3996 C
897 3961 991 4014 prave,
1010 3961 1058 4014 pro

76 4031 192 4100 ufbry'dis
210 4051 230 4084 s.
249 4033 384 4104 ofdrydis,
416 4035 453 4090 td.
469 4037 554 4102 cistas,
578 4039 686 4098 amoris,
708 4037 738 4085 F.
780 4029 810 4096 4)
830 4033 881 4086 alto
904 4052 1010 4100 somno,
1028 4033 1059 4082 F.

1 4125 2 4128 ’
78 4117 103 4186 ,5)
119 4136 144 4175 et
163 4125 403 4192 Finnosoccidunt,
430 4129 460 4178 F.
498 4125 527 4194 ὁ)
545 4129 607 4181 Post
625 4128 774 4196 aliquanto,
793 4125 823 4178 F.
