2536 4788
77 503 178 583 poiita
195 514 258 582 est,
271 519 342 584 'pro
363 515 440 568 tette
464 506 535 567 satis
561 506 673 568 idoneo
687 505 795 569 haberi
807 509 846 568 ab
861 517 986 569 auctore
1000 510 1058 570 de-

75 591 144 650 imit
158 633 168 659 ,
196 611 266 650 cnm
284 594 351 651 veri
370 592 628 668 perquamsimiie
646 591 707 660 sit,
735 591 816 652 hune
834 594 954 670 po‘e'tam
975 594 1059 655 inter

78 674 153 732 aiios
170 673 207 733 ab
216 669 633 735 Iiinare'l'hambarskeivere
648 674 812 733 relationes
830 696 896 734 snas
910 676 1059 750 hausisse3

75 773 174 834 neque
191 756 380 816 hocnomine
400 760 596 837 aspernandae
608 758 752 817 videntur
769 759 912 818 Briaclr
923 761 1003 836 ἀρα
1027 772 1059 828 et

76 843 98 897 J
104 845 121 897 d
131 866 162 900 m
171 865 185 899 r
195 841 234 897 ve'
240 841 280 898 hi
286 863 306 898 n
310 862 336 918 g
347 861 367 898 a
376 843 398 898 d
404 845 449 900 νά
454 866 477 919 p
488 864 517 918 a,
539 859 613 920 quae,
634 839 691 898 etsi
702 841 740 897 ub
756 842 1038 918 serioribuseompo
1047 877 1059 890 -

77 923 160 994 sitm,
185 932 291 982 tamen
316 933 347 982 et
364 936 501 985 veterum
518 943 665 984 consensu
682 923 916 999 confirmantur,
943 936 973 983 et
988 947 1059 985 sune

77 1005 331 1082 dignaeduerunt,
352 1025 417 1086 quse
432 1009 470 1066 ab
485 1017 610 1066 auctore
624 1007 715 1065 docto
731 1007 774 1066 sic
789 1009 826 1066 ab
843 1008 970 1078 interitu
986 1010 1058 1066 vin-

76 1085 263 1150 dirareritur.
328 1093 496 1152 Testantur
511 1090 590 1163 haee,
618 1100 774 1148 auctorem
799 1093 869 1149 satis
891 1089 1060 1162 abundanti

76 1171 261 1231 idoneorum
276 1175 399 1232 testium
414 1175 501 1252 copia
514 1183 545 1232 et
560 1173 658 1250 ampla
672 1191 777 1232 rerum
792 1174 905 1232 notitia
918 1173 1055 1233 instrue-

76 1265 142 1313 tum
158 1257 271 1316 fuisse.
325 1258 587 1318 Eundemautem
609 1255 744 1314 noluisse
770 1269 852 1316 certa
875 1266 906 1315 et
923 1257 1060 1326 confessa

76 1336 202 1397 incertis
222 1339 534 1410 et‘dnbiie'miscere,
560 1357 659 1416 neque
678 1337 782 1398 fucum
796 1340 963 1400 lectoribus
980 1361 1060 1400 vmi-

78 1421 195 1496 ditare,
214 1423 300 1498 signo
318 1433 364 1482 eet
379 1425 505 1501 insignis
522 1443 557 1482 ea
572 1421 731 1496 diligentia
747 1431 777 1480 et
793 1423 969 1492 sinceriter,
1000 1441 1060 1500 qna

77 1511 168 1562 testes
175 1548 186 1574 ,
213 1507 266 1584 qui
279 1509 446 1567 traditione
461 1509 621 1572 nituntur,
653 1504 763 1580 allegat
772 1529 784 1577 ,·
808 1507 890 1581 quod
904 1506 936 1566 in
951 1506 1060 1584 primia

77 1587 379 1648 animadvertendum
410 1591 511 1649 estin
536 1588 756 1662 ultimaparte
782 1588 924 1647 historiae.
988 1591 1059 1651 Hoc

77 1665 146 1727 loco
167 1669 333 1730 terrendum
353 1683 414 1747 est,
444 1672 550 1750 primo
570 1670 730 1738 consilium
753 1663 929 1749 scriptoris,
947 1673 1059 1732 deindo
1133 1738 1136 1743 ¹

79 1771 139 1828 quo
166 1754 254 1812 ionte
280 1757 460 1814 traditiones
487 1756 525 1814 ud
554 1763 694 1830 posteros
719 1754 917 1815 manaverint.
972 1753 1058 1811 Cou-

77 1835 180 1894 siiium
198 1837 357 1914 scriptoris
376 1839 408 1897 in
426 1838 481 1896 ime
498 1847 586 1916 purte
604 1833 739 1896 historiae
757 1847 820 1908 est,
842 1837 996 1913 publicam
1016 1837 1056 1895 do

77 1917 150 1994 suga
172 1919 254 1996 regie
275 1921 372 1980 'Olavi
398 1921 574 1998 opinionem
598 1920 654 1978 enh
685 1939 812 1978 examen
836 1916 963 1994 vocare,
1009 1931 1059 1976 te-

78 2013 197 2062 stantur
219 2003 299 2062 enim
323 2005 430 2081 optimi
447 2006 612 2080 scriptores
639 2003 773 2078 antiqui,
798 2001 891 2078 vulgo
910 2005 1060 2062 creditum

79 2106 160 2160 esse,
184 2087 316 2144 Oiuvum
342 2107 478 2166 opugnat
502 2089 632 2145 evanuisse
654 2082 848 2144 incolumem.
901 2085 995 2162 Cujus
1012 2085 1060 2144 rei

77 2169 149 2226 satis
179 2169 239 2228 erit
261 2172 469 2230 testimonium
486 2169 604 2228 'afferre
622 2169 855 2243 Fagurskinnae,
887 2172 938 2246 qui
962 2171 1061 2227 codex

78 2261 139 2313 tam
165 2253 214 2318 ,ob¹
241 2253 469 2330 antiquitatem,
520 2273 608 2330 quam
640 2267 745 2310 rerum
780 2253 1062 2328 pertractationum

78 2355 226 2414 perquam
251 2337 457 2396 memorabilis
483 2347 543 2395 eat:
574 2334 655 2411 „Sed
675 2334 766 2394 mit-it
783 2335 883 2410 gardra
903 2352 990 2392 merui
1012 2331 1062 2390 adr

80 2442 147 2488 um,
166 2433 201 2478 αι
220 2423 347 2498 wingart
370 2423 382 2478 ι’
404 2422 481 2479 allen*
505 2419 641 2478 umroedu
661 2418 731 2475 vidr
755 2418 837 2492 Olus
861 2415 1002 2492 doering,
1027 2431 1061 2476 αι

80 2519 170 2562 mertr
202 2505 263 2562 tnta*
292 2525 407 2562 manna
435 2505 516 2562 vildc'
548 2493 622 2579 aigi⁸
637 2501 751 2578 heyra,
779 2513 813 2558 at
845 2499 929 2559 daun
953 2501 1062 2560 mundi

73 2589 171 2664 fallit
194 2587 285 2664 laeso,
309 2609 398 2646 neruo
419 2587 495 2660 le'lu,
517 2586 655 2644 othrum
678 2586 757 2642 t'oera'
780 2584 793 2640 ι’
814 2585 990 2643 Vincllmulr‘
1004 2579 1061 2640 eda

80 2673 93 2727 ι’
111 2669 270 2742 Sudru'ko‘,
294 2672 330 2729 ok
354 2693 408 2730 eru
431 2691 561 2746 margar
579 2670 737 2746 jrdrdgrrr
759 2689 808 2724 um
835 2671 891 2746 pot
908 2667 1062 2742 gjdruar5

81 2757 116 2812 en
137 2753 219 2812 hane
255 2755 390 2812 dervinir
417 2755 572 2825 roedduat,
601 2763 636 2809 ot
658 2755 715 2830 pat
735 2751 843 2807 mundi
866 2750 944 2823 legit
963 2769 1063 2820 vvera,

80 2837 116 2893 od·
137 2825 216 2920 lqiati
233 2835 403 2914 Hallsrdiir
421 2838 476 2918 poi
494 2834 765 2901 voudroeiiorkdld,
782 2834 820 2890 sci
841 2832 929 2890 modr
952 2853 987 2887 en
1004 2829 1062 2888 aaut

81 2922 170 2978 mitit
197 2919 292 2996 hasdi
314 2931 390 2980 unni
420 2919 648 2996 kentinginum,
691 2928 725 2972 at
757 2935 846 2972 menn
873 2917 981 2990 ragja,
1027 2927 1061 2970 at

82 3007 162 3078 eptir·
181 3029 183 3035 ·
192 3002 265 3076 sall
293 3004 433 3082 borninga*
467 3003 543 3080 sdkk
572 2999 657 3059 herm
686 2998 848 3056 venheileu
878 2997 919 3072 as
947 2995 1061 3070 dormi,

80 3085 124 3163 pd
146 3091 179 3142 er
201 3085 313 3144 dorium
336 3100 448 3144 vannat
478 3087 519 3143 til
547 3081 761 3158 daudadage’2
823 3082 912 3139 Hauc
937 3077 971 3136 in
994 3095 1061 3138 rent

81 3169 198 3226 Noster
214 3177 307 3228 testes
331 3170 519 3246 antiquitatis
542 3165 685 3245 producit
701 3164 761 3224 iide
782 3163 907 3240 dignos,
933 3160 988 3238 qni
1009 3161 1061 3238 ip-

82 3252 121 3306 sis
145 3251 239 3309 rebus
267 3254 356 3327 gestis
389 3253 613 3310 interfuerunt:
649 3247 795 3308 Einarem
822 3243 1062 3305 Thamburskei-

80 3352 203 3406 vorem,
238 3333 420 3396 Kolbeiueur
441 3333 746 3410 auita-magistrum,
777 3329 961 3405 Norvegoe:¹
978 3327 1062 3384 stu-

82 3415 158 3475 lium
176 3409 370 3476 Thorsteinis
394 3417 500 3492 fitium,
530 3417 700 3477 Isiondum:
739 3431 795 3470 nec
828 3429 891 3469 non
908 3409 1061 3469 Astridaut

81 3499 241 3557 Buriziari
269 3501 378 3576 sitiam,
412 3501 520 3559 horum
548 3500 730 3560 assertiones
745 3495 876 3553 invicem
895 3503 1059 3570 comparat,

83 3579 113 3640 et
128 3584 203 3640 aiios
220 3583 399 3643 traditiones
413 3583 446 3642 in
460 3582 610 3643 auxilium
626 3589 726 3654 vocat,
735 3601 761 3638 e.
771 3595 816 3654 gr.
833 3575 945 3654 Hjaltii
962 3574 1061 3652 Sirog-

82 3657 124 3740 igii
141 3665 214 3734 ¹iilii,
237 3665 346 3724 horum
367 3678 541 3742 temporum
561 3663 694 3744 aequaiis,
725 3669 756 3722 et
786 3659 907 3719 Thurdi
937 3657 1061 3736 ,sjarett

83 3749 149 3822 filii,
170 3747 233 3806 viri
250 3758 340 3806 tantm
357 3749 427 3808 iidei
445 3759 475 3808 et
491 3750 671 3825 prudentiae,
693 3755 728 3804 ut
744 3742 809 3821 ejus
825 3743 1006 3802 relationem
1023 3743 1062 3800 de

83 3851 185 3907 pugna
196 3833 354 3890 Stordensi
371 3833 540 3892 testimonii
556 3833 625 3888 loco
641 3827 753 3886 afferre
769 3827 912 3886 Snorrius
929 3847 989 3884 non
1001 3827 1061 3882 du-

84 3915 239 3974 bitaverit.
262 3913 503 3990 Norve'gicarum
518 3935 593 3972 vero
609 3911 810 3971 traditionum
825 3907 1005 3986 corypiireus
1015 3915 1060 3964 est

83 3995 179 4055 Einar
200 3995 493 4074 'l'hambarskoitrer‚
512 3999 562 4058 vir
579 3998 611 4056 in
629 3993 760 4054 historia
785 3993 974 4067 notissimuS,
999 4002 1061 4049 tam
