2534 4778
49 302 98 360 c.
132 281 265 368 tis-94·
436 339 702 364 ............-....

58 527 228 576 munere
244 529 332 576 vero
351 505 491 578 'eximia
511 523 550 578 et
566 505 771 578 amicitiam
788 523 956 580 nostram
976 535 1055 582 mo·

58 607 227 694 rebitur,
247 630 278 678 s1
267 608 412 678 hocce
437 627 610 678 nostrum
638 607 861 681 mandatum
886 615 1057 703 exsequi

55 702 174 780 mini,
209 709 451 798 :Tendem‚'
424 732 502 780 sive
517 709 732 803 longiore
705 729 782 780 sive
804 710 975 784 breviore
992 716 1057 786 hs-
1078 784 1084 793 ,

56 807 146 880 bito
173 810 389 900 colloquio,
413 811 520 880 hono
547 809 753 882 fraudem
743 833 784 882 in
805 833 845 882 se
865 815 1056 905 suscipere

58 925 303 998 annuerunt„
348 926 386 982 et
417 913 567 984 Hskoni
590 911 767 1005 densstoe
801 915 1056 1007 omnibusque

58 1012 316 1102 presentibus
330 1013 565 1104 principibus
580 1013 822 1102 jurejurando
848 1037 889 1086 se
912 1017 1056 1086 obtrin-

59 1125 225 1202 xerunt,
251 1113 392 1204 exequi
406 1114 554 1204 omnis,
589 1135 673 1206 quae
695 1114 886 1188 mandevit
903 1117 1054 1207 Hakon,

59 1236 184 1306 quam
207 1237 316 1303 eam,
351 1235 434 1306 quse
462 1213 508 1291 iis
530 1215 800 1305 insenuerat,
831 1215 1056 1290 violentiam

56 1315 243 1405 experiri.
297 1321 400 1388 Tum
419 1315 625 1388 Thorerac
650 1317 711 1388 sui
734 1339 849 1410 quum
883 1317 1056 1388 ocissime

58 1416 138 1486 iter
155 1430 300 1507 parent,
321 1431 360 1486 et
375 1416 613 1490 occidentem
629 1441 756 1488 versus
771 1439 846 1511 per.
858 1419 1057 1488 marevele

60 1517 168 1588 dant.
221 1521 302 1590 Rex
317 1518 762 1593 HeroldusGraenlnndus
781 1517 827 1592 de
838 1517 1054 1608 Vestfoldie,

60 1618 168 1688 filius
186 1618 358 1694 Gudrodi
375 1619 520 1707 Bjiirnis
536 1619 625 1707 filii,
650 1619 693 1690 in
715 1618 961 1692 matrimonio
989 1619 1057 1688 hs·-

59 1718 153 1788 bnit
174 1725 327 1811 ustam,
350 1719 571 1794 Gudbrsndi
586 1721 715 1810 Kulae,
741 1720 811 1790 viri
825 1719 995 1809 illustris,
1011 1720 1056 1790 fi·

57 1819 167 1890 liam.
220 1823 305 1894 Hoc
319 1843 490 1893 vererer
504 1821 690 1894 Haruldns
716 1822 912 1892 orientem.
924 1843 1056 1890 versus

56 1919 106 1990 in
120 1919 292 1992 Suscitm
312 1921 625 2018 profectusum,
652 1922 718 1992 ubi
732 1923 774 1992 in
799 1921 942 1992 sedibus
966 1945 1056 1992 con·

59 2038 258 2092 crematus
275 2039 342 2113 est,
360 2022 681 2114 quemadmodum
698 2022 740 2092 in
758 2023 836 2093 vitu
853 2023 950 2110 ejus¹
967 2046 1054 2097 com

60 2137 320 2202 memoratum
338 2135 405 2194 esu
441 2124 551 2196 Hunc
567 2147 650 2194 rem
660 2124 821 2214 Thorer,
837 2137 923 2194 ente
940 2143 1056 2192 suum

60 2245 85 2292 e
115 2225 304 2322 Norvegie
325 2225 533 2297 discessum
564 2224 767 2296 audiverat.
828 2228 933 2300 Tum
957 2245 1056 2292 uxor

58 2325 256 2410 eiusAsts
276 2325 536 2419 gravidefuit,
571 2340 611 2394 et
627 2337 759 2416 postea
776 2323 910 2396 eedem
927 2338 1055 2393 estate
1138 2412 1142 2422 ῃ

60 2445 231 2516 puerum
249 2425 357 2496 enixu
376 2439 451 2496 est..
494 2427 568 2498 Hic
582 2445 681 2516 puer
692 2447 763 2515 pro
781 2448 886 2496 more
897 2424 1053 2516 antiquo

59 2549 164 2616 aqua
178 2527 379 2616 lustratus,
405 2549 545 2598 nomen
558 2526 726 2598 obtinuit
741 2526 892 2601 Olavus

60 2628 269 2717 Profectio
284 2628 641 2700 ThorerisKlaklcoe
660 2629 889 2697 occidentem
907 2650 1052 2696 versus.

41 2767 46 2775 -
93 2725 208 2841 NCsp
238 2733 289 2802 94
332 2728 482 2802 Thorer
518 2715 659 2798 Kiakka
681 2727 898 2798 Dublinum
918 2727 1055 2798 Hiber·

61 2826 139 2898 niae
158 2827 350 2919 pervenit,
390 2842 429 2898 et
451 2828 644 2924 cognovit,
674 2828 729 2896 ibi
749 2827 896 2898 versari
922 2827 1054 2897 Olium

61 2928 273 3000 Gardicum
304 2927 405 3020 apud
430 2951 603 3000 socerum
632 2950 744 3000 suum
773 2930 933 2998 Olavum
958 2929 1053 2996 Κνα-

61 3051 221 3112 ranem
258 3031 348 3100 hinc
372 3029 499 3100 stetim
521 3030 563 3100 in
577 3029 814 3121 colloquium
836 3027 912 3098 Olii
935 3027 1051 3116 venit,

62 3143 158 3198 erat.
170 3129 272 3201 enim
290 3131 440 3204 Thorer
467 3129 525 3198 vir
539 3130 734 3200 iucundus.
808 3129 906 3198 Cum
924 3143 1054 3198 eutem

60 3231 204 3321 sepius
221 3231 400 3304 collocuti
415 3245 555 3320 essent,
584 3231 692 3302 Olius
715 3231 761 3300 de
779 3230 892 3300 rebus
913 3233 1054 3301 Norve-

62 3331 179 3428 ginis,
215 3348 255 3402 et
275 3332 430 3425 quidem
453 3334 622 3422 primum
647 3332 693 3402 de
715 3332 864 3428 regibus
887 3329 1054 3420 Upplun-

64 3433 223 3522 dorum,
254 3433 320 3526 qui
339 3432 490 3504 invisis
509 3445 652 3522 essent,
681 3432 870 3524 ·quodqne
886 3451 1050 3522 regnum

61 3531 270 3622 haberent,
308 3535 543 3627 interrogare
565 3537 689 3624 coepit.
763 3533 911 3606 Thorer
926 3531 973 3600 ed
995 3554 1051 3618 ea,

64 3657 152 3726 quse
172 3634 436 3729 interrogavit,
461 3633 666 3725 respondit,
693 3647 732 3702 et
747 3635 861 3703 etiam
873 3631 967 3719 hoc,
991 3653 1054 3698 oc-

64 3733 265 3804 cubuisse2
291 3736 332 3808 in
359 3735 509 3806 Svionio
532 3755 667 3827 regern
688 3733 897 3805 Hereldum
924 3733 1054 3804 Grsen·

62 3835 233 3907 tandum.
262 3836 412 3910 Deinde
437 3835 544 3905 Olius
559 3835 604 3904 de
618 3837 777 3906 Hakone
794 3834 949 3927 dynasta
969 3855 1053 3923 per-

65 3951 263 4028 tentatur,
301 3961 375 4028 qua
395 3937 642 4008 frueretur
612 3937 749 4006 civium
765 3936 896 4030 gratia.
949 3935 1053 4007 Tho-

63 4061 128 4113 rer
153 4039 376 4138 respondet:
425 4039 563 4112 Halon
596 4038 752 4130 dynasta
791 4036 886 4106 odeo
920 4049 1053 4124 potens

107 4167 254 4239 ¹)regum
272 4170 384 4239 Nomeg'
360 4188 490 4235 reorum,
513 4170 553 4235 B,
575 4165 613 4234 C,
636 4170 664 4220 F
708 4163 986 4238 2)l1001vere,add.
1019 4161 1050 4216 C·
