2554 4778
68 295 107 354 o.
130 295 201 365 too.
425 302 710 370 ···.····..-.....···..·.·.·....··
908 277 1001 370 253

68 503 386 592 tanturdelicias,
412 503 495 580 ideo
515 503 629 590 hujus
640 504 778 578 miselli
794 506 919 604 regni,
952 510 1057 598 quod*

68 633 148 700 prae
170 623 308 674 aeterna
323 602 553 674 beatitudine
568 605 678 674 nihili
697 623 760 696 est,
783 609 974 690 ancillares
993 633 1057 690 cu⁴

68 733 131 780 ras
155 725 194 776 et
211 706 364 800 negotia
391 705 575 797 deponere
599 706 727 792 statui,
766 732 901 802 meque
922 710 1056 802 ipsam,

70 813 133 880 uti
148 809 270 877 nobili
291 810 374 875 loco
390 823 517 877 natam
536 805 661 894 decet,
674 807 724 878 viu
740 807 950 884 libertatem
974 812 1055 881 vin-

71 912 219 996 dicare,
252 923 289 976 et
312 907 484 998 potestati
509 905 670 995 fideique
692 908 833 978 domini
855 911 950 998 mei,
964 915 1055 988 ¹Jesu

73 1011 228 1098 Christi,
260 1005 512 1091 committeres
540 1007 640 1099 quod
658 1007 759 1078 idem
781 1011 937 1099 iaciant,
972 1014 1055 1100 qui-

71 1135 226 1202 cunque
241 1133 302 1176 me
324 1109 430 1197 sequi
445 1110 592 1191 volentq
616 1109 791 1180 omnibus
805 1126 944 1188 tamen¹
962 1111 1054 1188 libe7

68 1236 161 1280 rum
179 1213 444 1307 integrumque
462 1208 520 1298 sit,
539 1208 580 1278 in
601 1211 722 1301 patria
746 1232 957 1298 remanere,
988 1214 1056 1292 etsi

67 1312 151 1404 ipsa
174 1311 370 1392 discedam.
431 1314 598 1382 Tantum
618 1325 745 1386 autem
766 1314 938 1390 Sunneva
954 1313 1055 1405 apud

70 1435 203 1485 ornnes
220 1413 338 1505 gratia
353 1411 508 1494 valebat,
525 1426 568 1483 ut
586 1434 741 1504 magnus
763 1412 963 1490 hominum
982 1409 1053 1484 nuss

70 1537 218 1598 merus,
250 1527 287 1582 et
309 1509 380 1579 viri
407 1525 444 1578 et
462 1509 629 1596 feminae‚
653 1535 753 1600 earn,
776 1515 894 1604 patria
912 1515 1053 1602 relicta,

67 1615 176 1705 sequi
198 1605 386 1704 cuperent.
440 1611 527 1681 Post
557 1636 599 1692 ea
620 1635 731 1681 naves
752 1615 924 1688 Sunnevo
952 1637 1053 1684 com·
1109 1628 1111 1632 ’

68 1730 201 1806 parat,
224 1733 436 1804 magnaque
451 1712 659 1783 muititudo
684 1736 771 1790 cum
794 1735 836 1784 ea
863 1738 900 1782 se
923 1715 1053 1791 itineri
1140 1752 1142 1759 ,

69 1813 245 1904 accingit.
268 1858 270 1864 ·
298 1811 424 1892 Parati
440 1835 549 1882 naves
566 1813 749 1900 solvunt„
772 1814 823 1884 ita
846 1813 1053 1900 instructas,

69 1933 113 1984 ut
132 1915 217 1983 reio
237 1928 275 1982 et
300 1912 433 1998 remis,
463 1915 719 2008 gubernaculo
750 1929 787 1982 et
810 1915 1053 1988 armamenti-s

70 2029 261 2100 carerent,
294 2012 364 2105 ipsi
393 2032 541 2102 quoque
564 2015 648 2086 telis
667 2029 705 2088 et
735 2014 846 2088 armis
869 2014 1051 2097 destituti3

70 2141 147 2208 qua
164 2139 205 2182 re
224 2117 395 2185 Sunneva
407 2115 599 2190 testificata
611 2131 683 2199 est,
704 2144 705 2150 ¹
727 2139 763 2184 se
786 2115 904 2210 magis
931 2115 1051 2185 orani

68 2215 239 2308 potentia
254 2213 313 2282 dei
328 2215 605 2302 omnitenentis,
617 2215 1050 2304 quamductuauxiiiove

68 2320 241 2386 humano
258 2313 405 2399 fretam,
422 2313 494 2384 hoc
511 2315 805 2406 itorsuscepisse3
823 2339 898 2386 sese
916 2332 952 2384 et
971 2323 1051 2390 onu'

67 2441 135 2486 nes
152 2415 307 2484 comites
328 2415 411 2484 vivo
430 2415 498 2487 deo
516 2416 811 2503 commendavit,
838 2436 982 2508 rogans,
1008 2433 1052 2489 ut

68 2519 174 2588 viam
196 2531 433 2604 monstraret,
460 2531 514 2602 et,
549 2539 623 2605 quo
647 2515 862 2606 placuisset,
898 2533 1051 2592 cursum

70 2619 258 2713 dirigeret.
314 2617 460 2688 Deinde
494 2641 564 2708 per
595 2616 714 2688 maria
744 2618 844 2690 ultro
880 2617 1051 2704 citroque

67 2719 216 2805 jactati,
238 2717 412 2804 tandem,
437 2717 504 2787 deo
522 2719 690 2802 juvante,
724 2715 771 2784 od
794 2718 931 2808 insulas
956 2723 1049 2790 Norv

67 2820 209 2912 regiae,
236 2819 431 2888 meridiem
445 2841 566 2890 versus
585 2817 629 2884 ab
646 2816 756 2888 Statio
775 2819 870 2904 sitas,
889 2841 1050 2906 quorum

68 2921 189 2990 altero
214 2919 330 3005 Selia,
355 2921 470 2990 altena
489 2919 607 2992 Kinna
632 2919 864 3009 appellatur,
897 2919 1049 3008 appule-

68 3035 189 3105 runt.¹
227 3023 295 3092 Hae
322 3019 452 3091 insuite
472 3020 515 3088 ab
538 3016 672 3089 incolis
696 3032 962 3103 erimusne,
995 3015 1049 3087 ibi

68 3143 176 3208 vero,
199 3137 242 3190 ut
259 3121 298 3188 in
316 3119 444 3190 insulis
463 3118 725 3189 remotioribus
738 3117 814 3188 fere
842 3142 912 3186 usu
935 3117 1049 3203 renit,

69 3245 206 3313 pecora
216 3222 431 3291 incolarum
452 3221 674 3294 continentis
687 3219 943 3309 pascebantuu
961 3241 1050 3291 nom

69 3345 156 3412 pars
170 3321 406 3409 continentis,
422 3322 662 3403 exadversum
677 3319 813 3392 insulas
824 3342 948 3389 versus
956 3319 1051 3386 inte·

70 3423 191 3510 riora,
223 3421 434 3512 frequentes
448 3443 559 3516 pagos
583 3421 750 3489 habebat.
812 3419 983 3492 Sunneva
1008 3418 1050 3484 in

70 3524 212 3611 Seljam
235 3537 465 3616 egressaest,
479 3537 519 3590 et
533 3542 686 3590 suorum
705 3535 889 3610 quotquot
904 3541 946 3587 eo
975 3517 1050 3584 loci

71 3625 306 3715 appulerant.
359 3627 448 3694 Erat
468 3643 576 3694 mons
607 3621 647 3690 in
673 3617 897 3692 occidentali
924 3618 1049 3688 insula

72 3723 294 3810 altissimus,
325 3721 441 3792 antris
473 3720 703 3812 rupibusque
724 3721 915 3802 maxianus
949 3717 1050 3806 heic,

71 3825 218 3910 locoad
232 3823 466 3895 ⁴manendum
489 3837 637 3913 pareto,
671 3836 776 3890 antro
796 3821 1050 3904 incoluerunt,

70 3925 263 4016 inquibus
289 3926 403 4015 longo
422 3939 591 4014 tempore
616 3921 837 3994 commorati
860 3920 974 3992 deum
994 3919 1051 3992 in·

70 4025 168 4116 sigui
184 4025 320 4116 pietate
331 4039 367 4092 et
382 4023 586 4116 multiplici
598 4022 825 4092 continentia
839 4021 1049 4106 coluerunt,
1092 4105 1099 4130 .

70 4125 232 4220 piscibus
258 4147 302 4194 ex
327 4126 481 4195 lacubus
508 4125 624 4215 captis
649 4125 765 4192 vitam
795 4133 1049 4198 sustentantes
