2526 4782
269 235 359 358 ita
497 369 502 382 ‚
551 251 824 322 ·-·····¹‘
1073 281 1110 344 o.
1135 281 1183 346 55.

211 490 544 581 bursione'vista'ri,
561 493 672 562 missa
690 491 834 588 sagitta,
848 490 1104 586 bellinuntia,
1126 517 1188 565 na-

209 623 272 668 ves
290 595 461 678 instruit,
488 615 528 660 se
548 617 664 684 quam
682 593 879 662 celerrime
904 611 1080 686 apparat,
1113 611 1188 665 ete

211 701 298 768 sinu
329 699 483 764 cursum
516 693 663 786 dirigit,
694 717 716 762 a
752 694 868 784 copiis
904 695 1003 764 bene
1025 713 1186 788 paratus.

211 799 270 871 Ad
280 794 434 867 boreale
449 794 546 862 latus
555 799 598 867 M
602 795 694 862 aeriae
706 795 873 863 australis
887 793 1191 894 inRagnfrbdum

211 898 397 978 incidens,
426 895 606 984 proelium
626 895 755 964 statim
786 895 992 986 commisit,
1029 919 1189 966 numero

214 997 367 1091 quidem
385 995 577 1085 copiarum
595 997 787 1085 superior,
810 995 966 1064 navibus
980 1011 1107 1066 autem
1124 997 1191 1064 mi·
1240 1032 1241 1110 ,

213 1098 367 1170 notibus
388 1119 489 1164 nsua.
509 1101 511 1108 '
528 1096 617 1165 Acri
634 1097 762 1187 itaque
779 1111 859 1164 orto
874 1093 1093 1183 certamine,
1106 1119 1192 1168 cum
1241 1126 1242 1180 r

214 1201 365 1288 junctis,
392 1209 437 1264 ut
451 1212 536 1266 turn
552 1216 638 1266 mos
655 1198 812 1285 ferebat,
833 1198 953 1287 proris
966 1212 1193 1292 pugnarent,
1242 1222 1243 1264 t

215 1295 781 1385 resHakonianainferioriuit.
838 1297 933 1367 Cum
952 1311 1078 1366 autem
1095 1314 1194 1366 utra·
1243 1318 1244 1350 1

218 1423 292 1492 que
314 1398 436 1468 classis
454 1411 545 1466 aestu
562 1399 722 1483 marino,
752 1399 817 1488 qui
833 1397 874 1464 in
887 1397 984 1467 freto
1006 1412 1095 1484 erat,
1124 1411 1194 1464 ter·
1244 1412 1245 1418 ’

217 1523 300 1572 ram
316 1521 442 1568 versus
457 1502 534 1567 una
549 1497 686 1568 deferri
697 1499 879 1589 coepisset,
906 1500 1042 1568 Hakon
1068 1498 1195 1590 dynas-

217 1617 267 1688 ta,
299 1600 419 1691 proris
444 1599 601 1686 aversis,
626 1599 673 1667 ad
694 1613 834 1668 terram
860 1623 901 1668 se
928 1599 1093 1690 recepit,
1128 1621 1197 1687 qua
1246 1604 1247 1608 ’

220 1701 408 1792 optimum
433 1721 513 1766 esse
530 1718 722 1794 egressum
743 1699 942 1786 judicavit3
976 1714 1015 1768 et
1040 1698 1197 1768 simulac

219 1823 333 1874 nares
353 1800 458 1868 littus
476 1798 659 1868 vadosum
682 1800 911 1888 sentiebant,
946 1800 1100 1892 dynasta
1128 1798 1197 1866 sui·
1248 1807 1249 1812 ’

222 1925 296 1994 que
313 1923 444 1968 omnes
460 1899 501 1967 in
523 1912 665 1968 terram
686 1899 842 1992 egressi,
876 1923 988 1970 naves
1012 1899 1198 1967 subduxe-

220 2015 332 2088 runt,
352 2023 400 2068 ne
421 2000 465 2068 ab
485 2000 655 2068 hostibus
673 1999 808 2068 deduci
821 2015 996 2090 possent,
1016 2001 1199 2068 instructa
1251 2080 1252 2086 ἵ

189 2167 194 2174 .
223 2101 359 2172 deinde
381 2101 421 2168 iu
439 2121 571 2189 campo
590 2100 688 2188 acie,
705 2106 710 2114 '
728 2101 983 2195 ltagnfrbdum
1007 2099 1054 2168 ad
1082 2122 1200 2195 egres·
1252 2174 1253 2192 1

222 2209 307 2273 som
321 2200 543 2292 provocavit.
596 2201 829 2295 Ragnfrbdus
847 2199 1202 2270 elassemlitto'riad·

223 2303 361 2390 movit,
391 2301 518 2390 sicque
543 2300 699 2390 utrique
718 2301 884 2370 invicem
900 2304 975 2370 tela
997 2299 1202 2382 miserunt3
1254 2364 1255 2392 ,

226 2427 314 2472 oum
329 2425 418 2470 vero
435 2400 670 2496 Ragnfrbdus
685 2402 726 2470 in
752 2415 896 2470 terram
920 2401 1047 2498 egredi
1069 2401 1202 2488 nollet,

224 2527 266 2572 re
293 2505 345 2571 ita
363 2502 580 2590 constituta,
611 2501 745 2573 diversi
763 2501 1025 2572 discesserunt.
1079 2504 1204 2593 Ragn-

224 2602 374 2673 frodus¹
425 2616 617 2689 metuens,
653 2624 711 2670 ·ne
741 2602 935 2672 universus
965 2602 1131 2692 populus
1160 2599 1206 2669 ad

226 2703 448 2774 Halonem²
471 2705 695 2789 conflueret,
722 2705 860 2791 p'raeter
878 2702 1035 2772 Stadum
1052 2704 1207 2771 classem

226 2805 364 2875 tenuit.
417 2805 549 2892 Neque
569 2803 704 2892 Halron
720 2802 877 2895 dynasta
899 2803 970 2872 hac
992 2816 1120 2870 aestate
1144 2825 1207 2870 sae·

228 2907 312 2998 pius
339 2925 427 2972 cum
450 2903 663 2998 Ragnfrodo
692 2904 869 2994 Proelium
889 2901 1208 2974 committendum

228 3005 387 3097 putavit,
400 3003 502 3095 quod
514 3002 642 3074 hostes
655 3003 849 3074 altioribus
862 3004 1037 3100 navibus³
1052 3003 1209 3072 uteban-

230 3122 315 3184 tur3
352 3127 481 3194 quare,
507 3104 682 3194 sequenti
702 3117 886 3175 autumno
904 3104 1064 3174 boream
1082 3124 1210 3172 versus

230 3207 272 3276 in
288 3203 617 3274 Thrandheimum
634 3225 824 3292 reversus,
851 3203 905 3274 ibi
921 3204 1091 3274 hiemem
1119 3203 1210 3295 egit.

231 3307 312 3378 Rex
329 3318 459 3371 autem
475 3303 713 3396 Ragnlrbdus
736 3327 867 3374 omnes
883 3305 1091 3395 provincias
1111 3306 1213 3372 ultra

233 3403 390 3473 Stadum
411 3404 557 3492 tenuit,
588 3405 848 3493 Fjerdensem,
888 3408 1077 3499 Sognum,
1116 3407 1213 3477 Hor·

231 3505 352 3592 diam,
385 3504 665 3596 Rogalandum,
687 3526 902 3598 magnoque
916 3503 1120 3574 hominum
1144 3528 1213 3572 nu-

233 3627 340 3675 mero
376 3627 416 3674 se
441 3605 514 3671 'hac
541 3604 668 3674 hieme
699 3606 869 3698 stipavit3
914 3628 1002 3674 cum
1024 3606 1214 3691 vernabat,

236 3705 362 3794 copias
376 3703 422 3774 ad
434 3704 715 3794 expeditionem
732 3705 946 3796 imperavit,
957 3723 1215 3802 magnumque

237 3807 359 3900 coegit
375 3805 602 3894 exercitum,
625 3809 707 3898 ipse
727 3814 857 3874 omnes
875 3805 987 3876 modo
1007 3807 1216 3895 dictaspro-

236 3911 503 3926 m

281 3939 308 4002 ι)
328 3937 438 3999 Halon,
460 3937 488 3986 F.
526 3932 558 4002 2)
579 3936 772 4004 Ragnfrbdum,
793 3937 824 3987 F.
863 3934 893 4002 3)
914 3940 952 3988 sio
972 3939 1003 4002 133
1025 3907 1087 4001 lida,
1108 3952 1216 3986 nummo

238 4025 458 4102 (praevalebant),
481 4027 512 4090 F,
528 4025 564 4090 ὃς
585 4023 680 4094 burdo,
699 4027 793 4095 opibus
810 4027 1033 4098 (praevalebant),
1050 4025 1085 4094 A,
1106 4024 1153 4078 sed
1167 4023 1216 4072 de-

237 4140 311 4192 prar.
329 4117 433 4173 videtur·
449 4134 482 4168 ox
498 4114 590 4186 borda.
