2526 4782
55 311 84 368 c.
109 304 178 402 44.ι
421 307 688 368 m
912 291 973 392 89

49 523 91 591 in
108 522 212 588 viam
237 518 422 612 progressi
446 529 586 603 essent,
608 513 819 590 'Thors'tein
846 515 1036 589 Astridam

52 622 216 690 comiter
245 618 434 706 salutavit,
466 617 607 686 dicens:
643 619 933 710 haudquaquam
968 643 1033 688 vos

49 721 195 790 saevitia
211 733 278 789 out
293 718 528 814 malignitate
544 732 621 786 tam
637 720 711 788 cito
730 733 768 787 st
784 714 1034 788 inclementer

51 823 166 890 domo
185 843 270 888 mea
286 819 464 888 excedere
479 819 582 906 jussi,
607 819 671 888 sed
685 819 785 907 ideo,
815 821 914 910 quod
931 819 1034 890 missi

48 923 97 990 ab
111 919 334 992 Gunnhilda
353 921 698 1014 Regnrrrgenitrice
718 919 763 988 ad
781 922 955 1008 Bj'drnem
974 920 1035 990 Ei-

48 1022 285 1092 turkveisam
304 1020 553 1106 advenerunt,
580 1044 624 1088 eo
646 1017 820 1106 consilio,
844 1036 888 1088 ut
901 1035 1034 1090 natum

49 1145 97 1190 ex
115 1137 156 1190 te
175 1135 214 1190 et
227 1140 316 1211 rege
335 1122 521 1216 Tryggvio
538 1121 658 1189 silium
679 1123 879 1212 abreptum
904 1119 939 1188 ei
959 1134 1033 1188 tra-

49 1222 150 1292 dant.
205 1225 287 1292 lam
301 1242 388 1292 voro
398 1243 473 1310 vos,
497 1219 885 1312 mepr'aemonstrante,
905 1222 944 1288 in
958 1221 1031 1312 syl-

45 1343 136 1390 vam
153 1321 464 1417 progrediamini,
488 1322 605 1390 donec
630 1324 755 1390 lacum
775 1322 962 1412 quendam
978 1320 1032 1388 of-

46 1422 233 1506 fenderim
264 1423 305 1491 in
330 1425 417 1492 lacu
440 1435 496 1490 ast
519 1421 659 1510 insula,
695 1423 877 1492 arundine
900 1420 1030 1509 obsita,

47 1547 128 1612 quo
147 1523 260 1592 facile
276 1522 401 1592 vadari
422 1537 564 1614 potest3
594 1523 679 1592 heic
699 1521 740 1590 in
764 1523 946 1592 arundine
969 1545 1032 1590 vos

46 1625 263 1711 occultate,
297 1639 335 1691 et
359 1637 528 1710 manete,
562 1623 680 1692 donec
709 1622 757 1692 ad
782 1646 844 1692 vos
869 1625 1026 1691 veniam.

46 1727 266 1794 Nuncvero
284 1723 379 1792 mihi
392 1724 516 1814 primo
541 1723 695 1792 domum
708 1721 943 1792 redeundum
963 1740 1029 1810 est,

47 1825 233 1915 praesagio
254 1824 368 1910 enim,
394 1824 525 1892 missos
542 1825 586 1892 ab
600 1821 817 1894 Gunnhilda
833 1824 910 1892 huc
926 1825 1030 1894 brevi

45 1945 114 1991 vos
131 1923 333 2015 quesitum
352 1938 545 2006 venturos3
580 1924 714 2013 quibus
744 1923 858 1992 sime
884 1926 1031 1995 so'cium

46 2024 307 2115 inquisitionis
320 2025 499 2112 junxero,
526 2024 645 2117 magis
664 2021 859 2118 providere
883 2039 1028 2116 potero,

46 2147 97 2192 ne
114 2124 370 2194 inveniamini.
396 2125 466 2196 His
482 2123 601 2211 dictis,
614 2123 660 2194 ad
676 2124 804 2194 villam
819 2126 1029 2221 regreditur

47 2225 273 2306 Thorstein;
313 2225 371 2294 illi
392 2247 480 2294 vero
504 2229 544 2294 in
566 2227 711 2318 sylvam
733 2224 779 2294 ad
803 2225 926 2296 lacum
943 2247 1029 2317 pro·

48 2325 172 2417 gressi
189 2338 289 2413 sunt,
316 2341 355 2395 et
371 2326 412 2394 in
427 2327 562 2413 insula,
586 2341 701 2416 prout
716 2341 962 2417 preceperat,
989 2349 1029 2394 se

48 2425 304 2495 occultarunt.
339 2463 343 2470 ·
358 2431 473 2498 Mane
490 2427 566 2495 diei
581 2425 715 2496 Halon
729 2449 749 2492 a
763 2426 897 2514 Bjdme
911 2427 951 2494 in
961 2447 1026 2518 pa-

47 2549 141 2620 gum
159 2525 355 2616 equitavit,
381 2539 430 2613 et,
458 2548 685 2618 quocunque
710 2524 882 2595 locorum
896 2549 1027 2618 perve-

47 2625 125 2713 nit,
153 2626 346 2696 Astridam
367 2628 555 2718 quaesivit3
590 2627 637 2696 ad
669 2624 936 2698 Thorsteinem
963 2651 1027 2695 ve-

47 2725 171 2814 niens,
203 2727 472 2820 interrogavit,
505 2749 618 2796 aneo
644 2729 842 2798 venissent.
905 2729 1027 2800 Thor-

47 2827 149 2896 stein
172 2827 385 2918 respondit:
420 2827 506 2896 heic
530 2827 703 2898 homines
725 2827 842 2918 aliqui
868 2849 1026 2918 pernoc-

46 2940 199 3014 tarunt,
226 2927 291 3018 qui
304 2929 371 2996 sub
390 2929 515 2997 lucem
532 2928 715 2996 orientem
735 2948 865 2996 versus
887 2927 929 2997 in
951 2931 1025 3021 syl-

46 3049 136 3096 vam
154 3049 195 3094 se
211 3029 464 3097 contulerunt.
517 3029 670 3098 Hakon:
687 3047 776 3121 ergo
795 3047 875 3120 age,
901 3048 1025 3096 comes

44 3124 155 3196 nobis
175 3141 254 3198 esto
270 3127 311 3198 in
328 3128 373 3197 iis
390 3126 618 3220 querendis,
651 3143 695 3196 ut
716 3127 777 3198 cui
804 3149 933 3196 omnes
955 3129 1024 3198 viae

45 3227 283 3318 latebrasque
297 3229 497 3321 sylvestres
513 3243 611 3298 notae
627 3229 712 3297 sint.
751 3229 896 3299 Annuit
905 3229 1026 3300 Thor-

46 3327 166 3415 stein,
197 3349 310 3418 seque
329 3328 529 3400 confestim
547 3329 717 3399 accinxit.
782 3329 880 3398 Cum
894 3329 934 3398 in
950 3332 1025 3424 syl-

46 3448 134 3496 vam
149 3427 350 3515 venissent,
366 3431 587 3502 Thorstein:
613 3453 714 3512 nunc
728 3430 864 3522 passim
880 3453 1022 3520 eamus,

46 3547 137 3596 nam
159 3527 400 3622 investigatio
417 3531 594 3620 (spatium
612 3530 935 3622 perlustrandum)
949 3533 1023 3600 late

46 3640 171 3718 patet5
199 3627 403 3725 diligenter
433 3630 604 3698 animum
637 3632 837 3718 advertite,
876 3630 1025 3720 siquid

46 3750 144 3797 nova
163 3742 245 3798 arte
264 3730 508 3800 immutatum
523 3730 823 3820 deprehendatis,
849 3728 1025 3803 futurum

48 3829 151 3898 enim
165 3851 270 3918 reor,
305 3832 336 3900 si
361 3831 598 3922 loquentium
619 3831 819 3901 hominum
834 3853 944 3900 voces
963 3857 1025 3900 ex-

48 3929 204 4000 audient
239 3945 306 3999 aut
333 3932 551 4023 periculum
582 3931 734 4021 aliquod
757 3931 1024 4024 praevidebunt,

48 4057 94 4107 cir.
118 4061 184 4110 Lex.
204 4061 273 4110 llari.
292 4059 352 4112 Soc.
371 4063 467 4114 Solent.
487 4062 536 4116 sub
556 4079 622 4116 voce
639 4061 737 4136 lustig,
758 4063 845 4132 signif.
867 4064 899 4129 23
926 4063 1025 4132 Blegit

47 4151 111 4203 snvlt
118 4189 127 4217 ,
147 4155 257 4204 citatius·
343 4169 345 4180 ·
