2536 4788
18 406 19 420 χ
64 313 100 373 C.
129 306 261 374 1344·
432 307 700 378 .-““..“.“.“..“““““......

65 525 153 613 dos,
189 524 308 602 talem
324 539 392 611 per
408 520 554 613 omnia,
586 525 706 615 qualis
720 523 845 597 fuerat
863 528 1052 616 Haraldus
1075 535 1085 580 ·'

63 623 340 709 Pulcricomus,
357 619 431 691 hoc
446 644 523 692 nno
542 639 711 716 excepto,
737 627 838 718 quod
852 629 952 698 cives
966 631 1049 698 uni·

63 749 190 798 versos
205 727 244 796 vi
260 739 297 794 et
312 723 492 792 servituto
506 729 945 818 oppresseratHaraldus,
960 750 1050 799 curn

62 826 226 920 singulis
240 822 414 894 omnibus
429 823 525 894 bene
552 842 708 918 cuperet
725 828 787 899 hic
804 830 961 916 Halon,
988 850 1048 898 co·
1167 847 1171 854 ·

61 928 162 998 lonis
176 925 440 1012 haerediorum,
452 927 586 1016 quibus
596 951 657 998 eos
672 929 882 1020 privaverat
897 952 962 998 rex
972 930 1049 1000 Ha-

61 1028 212 1115 raldus,
234 1025 513 1096 restitutionem
528 1028 732 1119 pollicitus.
775 1029 957 1100 Omnium
970 1029 1049 1098 ani-

62 1151 145 1197 mos
162 1127 298 1224 gaudio
316 1126 490 1216 implevit
511 1127 627 1214 hujus
645 1130 701 1199 rei
718 1130 892 1217 nuntius,
932 1131 977 1202 ab
994 1129 1046 1197 al-

61 1243 144 1297 tero
165 1229 275 1300 alteri
291 1227 466 1316 traditus,
491 1229 557 1320 qui
573 1229 670 1322 ignis
687 1231 820 1320 instar,
853 1231 950 1300 sicca
965 1252 1047 1324 gra·

59 1331 167 1400 mina
184 1328 432 1420 depascentis,
464 1330 651 1401 orientem
667 1353 795 1402 versus
821 1329 1048 1404 adultimos

59 1429 171 1524 regni
190 1429 331 1499 limites
350 1427 510 1498 volabat.
576 1433 775 1504 Hakonem
797 1451 929 1523 regern
954 1451 1046 1501 mox

59 1529 188 1599 adiere
211 1527 500 1620 Upplandorum
523 1529 700 1622 plurimi,
736 1531 881 1624 legatos
905 1531 1044 1602 misere

58 1630 154 1719 alii,
175 1630 244 1701 alii
258 1630 410 1700 nuntios
433 1643 472 1698 et
492 1643 669 1715 tesseras,
700 1644 879 1702 testantes
901 1652 1044 1718 omnes,
1118 1663 1129 1690 a

57 1749 97 1798 se
108 1733 147 1800 ei
164 1730 397 1800 fidemsuam
411 1750 488 1800 esse
499 1729 711 1803 addicturos
721 1757 731 1826 3
746 1729 918 1826 quosille
936 1745 1043 1822 grato
1142 1785 1145 1804 ,

57 1831 186 1902 animo
206 1830 360 1922 accepit.

335 1932 480 2002 Hakon
506 1956 574 2002 reat
598 1944 763 2002 creatus.

109 2030 201 2121 Cap.
220 2036 272 2104 tt.
299 2031 412 2102 lnitio
428 2033 564 2102 hiemis
579 2056 645 2102 rex
664 2033 799 2104 Hakon
815 2032 855 2100 in
872 2031 1042 2121 Upplan·

55 2129 102 2201 da
118 2132 328 2222 profectus,
350 2133 502 2202 comitia
516 2133 573 2204 ibi
589 2133 741 2222 indixit,
768 2131 814 2204 ad
831 2155 947 2222 quem
963 2153 1041 2198 om-

54 2255 123 2302 nes
141 2244 392 2320 convenere¹,
424 2233 561 2323 quibus
582 2234 709 2303 venire
730 2235 925 2325 integrum
939 2243 1040 2314 erat,

55 2332 97 2400 in
115 2332 260 2404 cunctis
274 2331 376 2402 hisce
396 2333 557 2404 comitiis
571 2357 638 2403 rex
652 2347 803 2404 creatus
823 2345 887 2402 est.
923 2331 982 2401 Sic
998 2330 1041 2400 in

55 2433 203 2503 Vikiam
226 2457 347 2524 usque
370 2434 583 2523 pertendit,
625 2434 691 2503 ubi
715 2457 805 2504 eum
825 2451 1040 2500 convenere

55 2533 157 2602 illius
170 2533 217 2603 de
244 2533 420 2606 fratribus
440 2548 617 2626 nepotes,
648 2533 861 2627 Tryggvius
879 2542 918 2600 et
936 2529 1040 2602 Gud-

56 2633 188 2722 rddus,
220 2635 410 2726 multique
425 2636 501 2724 alii,
525 2636 591 2730 qui
611 2636 765 2720 injurias
782 2633 1037 2720 recensebant,

56 2734 192 2826 quibus
209 2757 271 2806 eos
284 2736 461 2807 affecerat
474 2737 590 2808 frater
604 2737 685 2824 ejus
699 2735 857 2806 Eirikus.
899 2733 1039 2804 Odium

54 2834 94 2903 in
111 2834 285 2906 Eirikum'
301 2860 344 2906 eo
365 2837 484 2930 magis
497 2836 634 2926 crevit,
664 2857 740 2926 quo
764 2834 885 2927 magis
906 2855 1038 2903 omnes

54 2935 259 3005 amicitiam
288 2937 456 3008 Hakonis
478 2936 694 3028 captabant,
730 2947 769 3003 et
791 2954 867 3024 quo
891 2931 1037 3015 majore
1095 3013 1097 3016 Ι

56 3057 143 3106 cum
165 3034 356 3125 libertate,
387 3060 470 3129 quae
499 3037 637 3128 cuique
659 3033 873 3122 libuissent,
905 3031 1037 3120 loque-
1148 3115 1152 3132 .

54 3133 200 3204 bantur.
243 3137 379 3208 Halon
392 3137 496 3230 regia
511 3136 666 3207 nomina
681 3133 784 3204 dedit
791 3133 982 3226 Tryggvio
999 3145 1037 3200 et

55 3235 255 3325 Gudrttdo,
281 3257 492 3330 regnaque,
524 3237 661 3330 quibua
682 3248 806 3326 patres
822 3253 956 3305 eorum
972 3230 1037 3300 do-

53 3350 206 3407 navarat
220 3360 287 3406 rex
303 3340 508 3410 Haraldus:
542 3337 734 3432 Tryggvio
756 3333 974 3406 Ranrilriam
998 3345 1037 3400 et

54 3437 383 3529 Vingulmarkam,
423 3438 601 3509 Gudrbdo
630 3434 876 3509 Vestfoldiarn
911 3431 1034 3514 dedit,

55 3537 207 3627 quibus,
243 3538 344 3630 quod
359 3540 641 3631 pueriliserant
669 3537 786 3606 aetatis
808 3549 846 3604 et
870 3531 1035 3604 consiliis

53 3637 258 3728 immaturi,
273 3641 370 3710 viros
384 3639 566 3729 adjunxit,
579 3639 802 3709 auctoritate
817 3647 857 3704 et
870 3629 1036 3726 pruden-

55 3737 104 3806 tia
118 3738 293 3832 insignes,
309 3743 374 3832 qui
386 3739 603 3812 unacumiis
618 3737 904 3830 rempublicam
918 3732 1035 3804 admi·
1068 3805 1071 3810 .

54 3839 264 3908 nistrarent.
331 3844 440 3912 Hanc
457 3841 639 3911 ditionem
662 3840 738 3909 illis
761 3837 910 3924 eadem,
950 3855 1033 3926 quae

55 3939 144 4009 olirn
158 3939 304 4030 fuerat,
332 3942 546 4012 conditione
570 3939 760 4025 attribuit,
792 3952 836 4008 ut
849 3958 978 4008 sensus
996 3946 1034 4001 et

54 4038 194 4111 tributa
218 4065 307 4113 cum
324 4043 405 4138 ipso
421 4063 466 4112 ex
482 4065 590 4138 aequo
604 4041 939 4114 communicarent.

96 4173 126 4239 ¹)
145 4175 283 4238 trarrsiere,
308 4175 339 4224 G.
