2526 4782
275 226 364 322 104
558 244 829 332 ,ΞΕ-..-
1008 241 1044 304 c.
1068 236 1191 306 52-53.

213 459 304 530 Suae
328 476 478 546 quoque
503 450 629 542 copias
655 465 851 541 paraverat
866 450 1002 523 Hakon
1028 445 1192 547 dynasta,

213 556 410 650 piraticam
426 554 593 622 facturus
623 573 713 620 cum
731 547 903 621 navibus
920 552 1123 622 duodecim
1144 554 1195 621 in·

214 657 337 751 gantis
345 651 623 748 magnitudinis
650 651 747 721 Cum
760 671 847 720 vero
864 651 1083 722 discesserat
1093 653 1196 724 Gull-

213 755 409 842 haraldus,
445 753 583 824 Hakon
599 752 755 845 dynasta
771 751 819 820 ad
838 751 1047 824 Haraldum
1068 773 1197 846 regem

215 857 361 944 adiens,
395 854 581 945 loquitur:
608 853 685 941 jam
701 875 851 941 vereor,
885 876 935 922 ne
951 854 1126 924 absoluta
1145 877 1198 921 re-

215 957 423 1049 migatione
445 953 616 1040 classica,
649 953 836 1022 mulctam
852 953 1035 1045 neglectae
1051 951 1199 1043 expedi-

216 1059 328 1130 tionis
346 1053 512 1148 pendere
530 1068 730 1124 teneamur
755 1049 822 1140 (sc.
843 1077 891 1122 ne
907 1054 1067 1144 praestiti
1089 1052 1200 1122 officii

219 1180 346 1252 poenas
371 1155 494 1226 daturi
513 1155 646 1234 simus)
672 1175 773 1222 nunc
801 1153 904 1224 enim
922 1154 1199 1240 Gullharaldus,

219 1258 417 1326 interfecto
443 1255 607 1324 Haraldo
625 1252 818 1342 Grafeldo‚
848 1253 1055 1345 imperium
1077 1273 1201 1344 capes-

221 1372 277 1426 set
295 1355 508 1448 Norvegiae;
532 1377 605 1447 quo
621 1353 734 1442 facto,
754 1377 802 1423 an
820 1376 911 1424 eum
927 1369 1039 1446 putas
1053 1354 1202 1424 fidelem

220 1459 322 1545 fore,
347 1457 461 1528 tantis
480 1477 501 1524 a
523 1469 561 1522 te
577 1455 743 1546 acceptis
762 1455 916 1545 opibuS‚
951 1455 1017 1546 qui
1034 1456 1204 1546 proxima

220 1557 349 1630 hieme
370 1555 466 1627 mihi
491 1547 757 1646 declaraverit,
792 1577 831 1623 se
845 1553 1142 1626 interfecturum·
1156 1568 1202 1640 te,

223 1659 254 1730 si
270 1681 309 1724 se
326 1656 532 1726 obtulisset
554 1653 723 1724 occasio?
761 1658 862 1747 Age,
887 1656 966 1744 jam
984 1655 1206 1749 Norvegiam

221 1771 297 1830 tuae
316 1755 494 1847 potestati
510 1754 723 1845 subjiciam,
747 1755 950 1824 interfecto
966 1755 1150 1843 Haraldo,
1177 1752 1206 1821 si
1245 1806 1246 1834 ,

223 1857 320 1928 mihi
339 1855 543 1950 polliceris,
579 1871 618 1924 te
642 1853 753 1924 tacite
776 1877 929 1928 mecum
956 1879 999 1924 ea
1026 1855 1072 1926 do
1102 1876 1208 1926 causa
1246 1876 1247 1896 ¹

223 1957 264 2028 in
280 1957 440 2052 gratiam
454 1954 686 2052 rediturum;
711 1977 787 2046 quo
803 1954 919 2042 facto,
948 1955 1103 2047 dynasta
1122 1969 1207 2022 tuus
1247 1944 1248 1952 '

222 2057 355 2144 factus,
377 2055 621 2146 jurejurando
641 2055 852 2144 obstrictus,
875 2069 942 2124 tuo
956 2055 1096 2125 auxilio
1115 2059 1207 2126 Nor·
1249 2082 1250 2086 ¹

223 2157 373 2252 vegiam
390 2155 460 2226 tibi
475 2156 686 2244 subjiciam,
711 2170 749 2224 et
766 2154 902 2226 deinde
920 2169 986 2224 tuo
1004 2157 1210 2244 subjectam
1250 2152 1252 2234 ]

224 2257 385 2346 imperio
406 2255 565 2343 tenebo,
599 2256 748 2346 tibique
779 2256 921 2326 tributa
937 2255 1122 2347 pendam3
1160 2255 1209 2324 sic
1252 2290 1253 2300 κ

224 2371 332 2448 patre
351 2371 417 2430 tuo
436 2355 630 2446 potentior
648 2378 715 2425 rex
734 2355 887 2440 evades,
911 2356 1074 2428 duarum
1092 2355 1210 2426 factus
1253 2360 1254 2380 ¹

226 2458 400 2550 gentium
423 2456 639 2546 imperator.
704 2458 761 2528 Ile
780 2455 853 2525 hoc
879 2472 989 2546 pacto
1023 2457 1211 2524 intereos

225 2572 430 2646 transacta,
466 2557 604 2629 Halon
632 2579 721 2628 curn
738 2555 856 2650 copiis
878 2558 953 2629 suis
972 2557 1082 2647 exiit,
1106 2555 1212 2626 Gull-

226 2654 428 2730 haraldum
447 2655 685 2750 quaesiturus.

442 2757 571 2826 Caedes
596 2757 777 2828 Haraldi
802 2757 996 2846 Grafeldi.

280 2855 369 2948 Cap.
386 2863 438 2929 53.
467 2856 755 2947 Gullharaldus,
794 2871 838 2928 ut
860 2856 1029 2949 primurn
1053 2854 1213 2928 Halsum

228 2956 269 3028 iu
284 2955 515 3046 Limafjordo
530 2959 742 3050 appulerat,
765 2957 978 3032 Haraldurn
994 2955 1215 3028 Grafeldum

229 3056 276 3126 ad
293 3079 464 3152 pugnarn
487 3059 719 3148 provocavit3
756 3058 822 3152 qui
848 3055 917 3127 etsi
941 3056 1098 3128 inferior
1121 3068 1216 3126 esset

230 3180 391 3230 numero
407 3157 612 3251 copiarum,
626 3173 757 3232 tamen
767 3159 870 3232 illico
883 3157 924 3228 in
936 3170 1079 3232 terram
1097 3179 1217 3252 egres·

231 3279 314 3344 sus,
349 3256 531 3346 proelium
551 3255 765 3356 apparavit,
803 3257 1001 3352 aciemque
1016 3257 1217 3342 instruxitp

103 3367 111 3378 '
229 3355 350 3443 idem,
376 3371 581 3450 antequam
599 3359 749 3451 agmina
765 3359 930 3446 coirent,
963 3381 1048 3431 suos
1061 3379 1218 3452 magno-

230 3477 322 3548 pere
337 3456 531 3546 hortatus,
553 3459 694 3554 gladios
708 3461 857 3554 librare,
881 3459 1107 3550 fortiterque
1122 3479 1218 3550 pug-

197 3635 200 3642 ,
230 3579 322 3632 nare
337 3559 466 3647 jussit;
498 3557 580 3650 ipse
608 3559 650 3633 in
669 3561 833 3650 primam
847 3558 976 3631 statim
995 3559 1118 3634 aciem
1134 3581 1218 3650 pro-

232 3657 379 3745 cedens,
395 3659 577 3749 utrinque
593 3659 718 3754 gladio
736 3660 912 3734 caedebat.
952 3659 1012 3733 Sic
1027 3659 1118 3736 dicit
1126 3661 1220 3733 Glu-

231 3780 317 3832 mus
334 3759 454 3834 Geirii
469 3761 582 3846 filius,
600 3761 642 3829 in
661 3762 834 3838 encomio
854 3757 1043 3834 Grafeldi:

283 3858 430 3933 Pulcris
452 3862 599 3951 capulis
618 3863 863 3933 metallorum
883 3865 1048 3952 Numen,

283 3959 468 4055 sanguine
484 3961 586 4054 quod
602 3963 754 4052 populis
780 3983 959 4058 campum

284 4073 340 4134 est
355 4082 491 4138 ausum
508 4061 749 4156 tabefacere,
