<?xml version="1.0" encoding="UTF-8"?>
<!DOCTYPE html PUBLIC "-//W3C//DTD XHTML 1.0 Transitional//EN"
    "http://www.w3.org/TR/xhtml1/DTD/xhtml1-transitional.dtd">
<html xmlns="http://www.w3.org/1999/xhtml" xml:lang="en" lang="en">
 <head>
  <title>
</title>
<meta http-equiv="Content-Type" content="text/html;charset=utf-8" />
  <meta name='ocr-system' content='tesseract 3.04.00' />
  <meta name='ocr-capabilities' content='ocr_page ocr_carea ocr_par ocr_line ocrx_word'/>
</head>
<body>
  <div class='ocr_page' id='page_1' title='image "./scriptahistoric00dengoog_0164.png"; bbox 0 0 2526 4782; ppageno 0'>
   <div class='ocr_carea' id='block_1_1' title="bbox 45 258 977 346">
    <p class='ocr_par' dir='ltr' id='par_1_1' title="bbox 45 239 977 358">
     <span class='ocr_line' id='line_1_1' title="bbox 45 258 977 346; baseline 0.008 -20"><span class='ocrx_word' id='word_1_1' title='bbox 45 269 73 327; x_wconf 87' lang='lat' dir='ltr'>c.</span> <span class='ocrx_word' id='word_1_2' title='bbox 94 268 218 333; x_wconf 84' lang='lat'><strong>61-62.</strong></span> <span class='ocrx_word' id='word_1_3' title='bbox 398 270 674 332; x_wconf 55' lang='grc' dir='ltr'>ΞΕ</span> <span class='ocrx_word' id='word_1_4' title='bbox 867 258 977 346; x_wconf 77' lang='grc'>133.</span> 
     </span>
    </p>
   </div>
   <div class='ocr_carea' id='block_1_2' title="bbox 39 473 1110 4076">
    <p class='ocr_par' dir='ltr' id='par_1_2' title="bbox 44 473 1021 567">
     <span class='ocr_line' id='line_1_2' title="bbox 44 473 1021 567; baseline 0.005 -21"><span class='ocrx_word' id='word_1_5' title='bbox 44 499 136 566; x_wconf 88' lang='lat' dir='ltr'>vero,</span> <span class='ocrx_word' id='word_1_6' title='bbox 168 491 214 548; x_wconf 91' lang='lat' dir='ltr'>ut</span> <span class='ocrx_word' id='word_1_7' title='bbox 228 475 492 563; x_wconf 78' lang='lat' dir='ltr'>illucescebat,</span> <span class='ocrx_word' id='word_1_8' title='bbox 508 473 549 544; x_wconf 92' lang='lat' dir='ltr'>in</span> <span class='ocrx_word' id='word_1_9' title='bbox 565 474 706 567; x_wconf 86' lang='lat' dir='ltr'>sylvam</span> <span class='ocrx_word' id='word_1_10' title='bbox 715 479 876 567; x_wconf 86' lang='lat' dir='ltr'>iverunt,</span> <span class='ocrx_word' id='word_1_11' title='bbox 896 480 1021 551; x_wconf 87' lang='lat' dir='ltr'>infan-</span> 
     </span>
    </p>

    <p class='ocr_par' dir='ltr' id='par_1_3' title="bbox 44 577 1017 670">
     <span class='ocr_line' id='line_1_3' title="bbox 44 577 1017 670; baseline 0.002 -22"><span class='ocrx_word' id='word_1_12' title='bbox 44 595 112 648; x_wconf 83' lang='lat' dir='ltr'>tem</span> <span class='ocrx_word' id='word_1_13' title='bbox 130 577 346 669; x_wconf 77' lang='lat' dir='ltr'>quaesituri3</span> <span class='ocrx_word' id='word_1_14' title='bbox 375 577 451 646; x_wconf 83' lang='lat' dir='ltr'>suit</span> <span class='ocrx_word' id='word_1_15' title='bbox 467 577 569 666; x_wconf 83' lang='lat' dir='ltr'>sylva</span> <span class='ocrx_word' id='word_1_16' title='bbox 579 577 691 645; x_wconf 83' lang='lat' dir='ltr'>densa</span> <span class='ocrx_word' id='word_1_17' title='bbox 709 593 883 670; x_wconf 81' lang='lat' dir='ltr'>etopaco.</span> <span class='ocrx_word' id='word_1_18' title='bbox 919 587 1017 652; x_wconf 82' lang='lat' dir='ltr'>Tan-</span> 
     </span>
    </p>

    <p class='ocr_par' dir='ltr' id='par_1_4' title="bbox 44 677 1046 869">
     <span class='ocr_line' id='line_1_4' title="bbox 46 677 1046 774; baseline -0.002 -26"><span class='ocrx_word' id='word_1_19' title='bbox 46 681 121 748; x_wconf 87' lang='lat' dir='ltr'>dem</span> <span class='ocrx_word' id='word_1_20' title='bbox 140 680 310 774; x_wconf 82' lang='lat' dir='ltr'>vogitum</span> <span class='ocrx_word' id='word_1_21' title='bbox 324 677 691 768; x_wconf 81' lang='lat' dir='ltr'>appropinquantes,</span> <span class='ocrx_word' id='word_1_22' title='bbox 714 679 899 750; x_wconf 81' lang='lat' dir='ltr'>infantem</span> <span class='ocrx_word' id='word_1_23' title='bbox 915 682 1018 750; x_wconf 88' lang='lat' dir='ltr'>inve·</span> <span class='ocrx_word' id='word_1_24' title='bbox 1042 731 1046 746; x_wconf 93' lang='lat'>.</span> 
     </span>
     <span class='ocr_line' id='line_1_5' title="bbox 44 777 1019 869; baseline 0.005 -22"><span class='ocrx_word' id='word_1_25' title='bbox 44 792 193 864; x_wconf 88' lang='lat' dir='ltr'>nerunt,</span> <span class='ocrx_word' id='word_1_26' title='bbox 223 801 364 868; x_wconf 67' lang='lat' dir='ltr'>¹panno,</span> <span class='ocrx_word' id='word_1_27' title='bbox 383 778 501 847; x_wconf 87' lang='lat' dir='ltr'>linteo</span> <span class='ocrx_word' id='word_1_28' title='bbox 526 777 761 864; x_wconf 74' lang='lat' dir='ltr'>involutum,</span> <span class='ocrx_word' id='word_1_29' title='bbox 801 803 947 869; x_wconf 78' lang='lat' dir='ltr'>pennus</span> <span class='ocrx_word' id='word_1_30' title='bbox 977 781 1019 852; x_wconf 88' lang='lat' dir='ltr'>in</span> 
     </span>
    </p>

    <p class='ocr_par' dir='ltr' id='par_1_5' title="bbox 42 879 1019 969">
     <span class='ocr_line' id='line_1_6' title="bbox 42 879 1019 969; baseline 0.004 -23"><span class='ocrx_word' id='word_1_31' title='bbox 42 893 185 969; x_wconf 58' lang='lat' dir='ltr'>pectore</span> <span class='ocrx_word' id='word_1_32' title='bbox 206 879 305 946; x_wconf 88' lang='lat' dir='ltr'>nodo</span> <span class='ocrx_word' id='word_1_33' title='bbox 322 892 401 952; x_wconf 84' lang='lat' dir='ltr'>erat</span> <span class='ocrx_word' id='word_1_34' title='bbox 428 895 638 966; x_wconf 78' lang='lat' dir='ltr'>connexus,</span> <span class='ocrx_word' id='word_1_35' title='bbox 671 901 744 968; x_wconf 91' lang='lat' dir='ltr'>quo</span> <span class='ocrx_word' id='word_1_36' title='bbox 771 882 915 968; x_wconf 82' lang='lat' dir='ltr'>soluto,</span> <span class='ocrx_word' id='word_1_37' title='bbox 943 896 1019 950; x_wconf 88' lang='lat' dir='ltr'>tres</span> 
     </span>
    </p>

    <p class='ocr_par' dir='ltr' id='par_1_6' title="bbox 42 977 1018 1061">
     <span class='ocr_line' id='line_1_7' title="bbox 42 977 1018 1061; baseline 0.001 -14"><span class='ocrx_word' id='word_1_38' title='bbox 42 980 192 1048; x_wconf 82' lang='lat' dir='ltr'>annulos</span> <span class='ocrx_word' id='word_1_39' title='bbox 210 1001 344 1049; x_wconf 85' lang='lat' dir='ltr'>aureos</span> <span class='ocrx_word' id='word_1_40' title='bbox 356 980 515 1056; x_wconf 88' lang='lat' dir='ltr'>innexos</span> <span class='ocrx_word' id='word_1_41' title='bbox 532 977 775 1061; x_wconf 83' lang='lat' dir='ltr'>invenerunt;</span> <span class='ocrx_word' id='word_1_42' title='bbox 800 981 923 1054; x_wconf 75' lang='lat' dir='ltr'>infans</span> <span class='ocrx_word' id='word_1_43' title='bbox 939 1005 1018 1049; x_wconf 87' lang='lat' dir='ltr'>cor-</span> 
     </span>
    </p>

    <p class='ocr_par' dir='ltr' id='par_1_7' title="bbox 43 1079 1016 1175">
     <span class='ocr_line' id='line_1_8' title="bbox 43 1079 1016 1175; baseline 0.004 -29"><span class='ocrx_word' id='word_1_44' title='bbox 43 1079 116 1168; x_wconf 90' lang='lat' dir='ltr'>pori</span> <span class='ocrx_word' id='word_1_45' title='bbox 134 1080 356 1172; x_wconf 84' lang='lat' dir='ltr'>proximum</span> <span class='ocrx_word' id='word_1_46' title='bbox 369 1079 523 1173; x_wconf 76' lang='lat' dir='ltr'>gerebat</span> <span class='ocrx_word' id='word_1_47' title='bbox 539 1098 707 1175; x_wconf 77' lang='lat' dir='ltr'>pennum</span> <span class='ocrx_word' id='word_1_48' title='bbox 731 1081 1016 1173; x_wconf 83' lang='lat' dir='ltr'><strong>bombycinum,</strong></span> 
     </span>
    </p>

    <p class='ocr_par' dir='ltr' id='par_1_8' title="bbox 43 1179 1016 1270">
     <span class='ocr_line' id='line_1_9' title="bbox 43 1179 1016 1270; baseline 0.004 -26"><span class='ocrx_word' id='word_1_49' title='bbox 43 1180 185 1269; x_wconf 80' lang='lat' dir='ltr'><strong>fuitque</strong></span> <span class='ocrx_word' id='word_1_50' title='bbox 204 1201 303 1270; x_wconf 86' lang='lat' dir='ltr'>puer</span> <span class='ocrx_word' id='word_1_51' title='bbox 320 1179 620 1248; x_wconf 87' lang='lat' dir='ltr'>venustissimus.</span> <span class='ocrx_word' id='word_1_52' title='bbox 674 1179 738 1248; x_wconf 85' lang='lat' dir='ltr'>illi</span> <span class='ocrx_word' id='word_1_53' title='bbox 758 1202 921 1270; x_wconf 87' lang='lat' dir='ltr'>puerum</span> <span class='ocrx_word' id='word_1_54' title='bbox 939 1205 1016 1250; x_wconf 77' lang='lat' dir='ltr'>sns-</span> 
     </span>
    </p>

    <p class='ocr_par' dir='ltr' id='par_1_9' title="bbox 42 1279 1019 1373">
     <span class='ocr_line' id='line_1_10' title="bbox 42 1279 1019 1373; baseline 0.004 -27"><span class='ocrx_word' id='word_1_55' title='bbox 42 1281 216 1367; x_wconf 88' lang='lat' dir='ltr'>tulerunt,</span> <span class='ocrx_word' id='word_1_56' title='bbox 244 1295 282 1348; x_wconf 89' lang='lat' dir='ltr'>et</span> <span class='ocrx_word' id='word_1_57' title='bbox 297 1302 426 1348; x_wconf 83' lang='lat' dir='ltr'>secum</span> <span class='ocrx_word' id='word_1_58' title='bbox 447 1293 665 1370; x_wconf 86' lang='lat' dir='ltr'>portarunt,</span> <span class='ocrx_word' id='word_1_59' title='bbox 693 1279 810 1350; x_wconf 86' lang='lat' dir='ltr'>donec</span> <span class='ocrx_word' id='word_1_60' title='bbox 825 1281 869 1351; x_wconf 86' lang='lat' dir='ltr'>ad</span> <span class='ocrx_word' id='word_1_61' title='bbox 888 1302 1019 1373; x_wconf 79' lang='lat' dir='ltr'>regem</span> 
     </span>
    </p>

    <p class='ocr_par' dir='ltr' id='par_1_10' title="bbox 42 1379 1110 1571">
     <span class='ocr_line' id='line_1_11' title="bbox 44 1379 1110 1470; baseline -0.002 -20"><span class='ocrx_word' id='word_1_62' title='bbox 44 1383 222 1456; x_wconf 81' lang='lat' dir='ltr'>Gormum</span> <span class='ocrx_word' id='word_1_63' title='bbox 240 1394 514 1470; x_wconf 84' lang='lat' dir='ltr'>pervenerunt,</span> <span class='ocrx_word' id='word_1_64' title='bbox 546 1379 608 1450; x_wconf 87' lang='lat' dir='ltr'>cui</span> <span class='ocrx_word' id='word_1_65' title='bbox 633 1380 817 1452; x_wconf 75' lang='lat' dir='ltr'>infantem</span> <span class='ocrx_word' id='word_1_66' title='bbox 848 1383 1020 1452; x_wconf 86' lang='lat' dir='ltr'>ostende·</span> <span class='ocrx_word' id='word_1_67' title='bbox 1107 1401 1110 1416; x_wconf 74' lang='lat'><em>¹</em></span> 
     </span>
     <span class='ocr_line' id='line_1_12' title="bbox 42 1479 1019 1571; baseline 0.004 -25"><span class='ocrx_word' id='word_1_68' title='bbox 42 1493 133 1564; x_wconf 87' lang='lat' dir='ltr'>runt,</span> <span class='ocrx_word' id='word_1_69' title='bbox 162 1480 296 1551; x_wconf 86' lang='lat' dir='ltr'>eodem</span> <span class='ocrx_word' id='word_1_70' title='bbox 313 1479 491 1552; x_wconf 87' lang='lat' dir='ltr'>indutum</span> <span class='ocrx_word' id='word_1_71' title='bbox 508 1480 659 1568; x_wconf 81' lang='lat' dir='ltr'>habitu,</span> <span class='ocrx_word' id='word_1_72' title='bbox 692 1481 734 1551; x_wconf 91' lang='lat' dir='ltr'>in</span> <span class='ocrx_word' id='word_1_73' title='bbox 759 1505 833 1571; x_wconf 89' lang='lat' dir='ltr'>quo</span> <span class='ocrx_word' id='word_1_74' title='bbox 861 1505 947 1552; x_wconf 88' lang='lat' dir='ltr'>enm</span> <span class='ocrx_word' id='word_1_75' title='bbox 965 1485 1019 1550; x_wconf 93' lang='lat' dir='ltr'>in·</span> 
     </span>
    </p>

    <p class='ocr_par' dir='ltr' id='par_1_11' title="bbox 42 1579 1017 1671">
     <span class='ocr_line' id='line_1_13' title="bbox 42 1579 1017 1671; baseline 0.004 -25"><span class='ocrx_word' id='word_1_76' title='bbox 42 1594 231 1650; x_wconf 79' lang='lat' dir='ltr'>venerant..</span> <span class='ocrx_word' id='word_1_77' title='bbox 293 1582 373 1653; x_wconf 79' lang='lat' dir='ltr'>Rex</span> <span class='ocrx_word' id='word_1_78' title='bbox 391 1579 500 1650; x_wconf 86' lang='lat' dir='ltr'>¹hunc</span> <span class='ocrx_word' id='word_1_79' title='bbox 532 1602 693 1670; x_wconf 76' lang='lat' dir='ltr'>puerum</span> <span class='ocrx_word' id='word_1_80' title='bbox 715 1605 810 1671; x_wconf 79' lang='lat' dir='ltr'>oque</span> <span class='ocrx_word' id='word_1_81' title='bbox 834 1582 1017 1668; x_wconf 77' lang='lat' dir='ltr'>lustravit,</span> 
     </span>
    </p>

    <p class='ocr_par' dir='ltr' id='par_1_12' title="bbox 42 1679 1041 1871">
     <span class='ocr_line' id='line_1_14' title="bbox 43 1679 1041 1769; baseline 0.004 -23"><span class='ocrx_word' id='word_1_82' title='bbox 43 1681 144 1769; x_wconf 88' lang='lat' dir='ltr'>eique</span> <span class='ocrx_word' id='word_1_83' title='bbox 154 1702 302 1750; x_wconf 79' lang='lat' dir='ltr'>momen</span> <span class='ocrx_word' id='word_1_84' title='bbox 319 1679 432 1768; x_wconf 81' lang='lat' dir='ltr'><strong>dedit,</strong></span> <span class='ocrx_word' id='word_1_85' title='bbox 461 1696 500 1748; x_wconf 88' lang='lat' dir='ltr'>et</span> <span class='ocrx_word' id='word_1_86' title='bbox 516 1683 685 1749; x_wconf 89' lang='lat' dir='ltr'>Knutum</span> <span class='ocrx_word' id='word_1_87' title='bbox 701 1679 956 1752; x_wconf 84' lang='lat' dir='ltr'><strong>denominavit</strong></span> <span class='ocrx_word' id='word_1_88' title='bbox 974 1683 1017 1750; x_wconf 84' lang='lat' dir='ltr'>ab</span> <span class='ocrx_word' id='word_1_89' title='bbox 1029 1697 1041 1700; x_wconf 77' lang='grc'><strong>”</strong></span> 
     </span>
     <span class='ocr_line' id='line_1_15' title="bbox 42 1779 1019 1871; baseline 0.002 -23"><span class='ocrx_word' id='word_1_90' title='bbox 42 1781 131 1848; x_wconf 91' lang='lat' dir='ltr'>nodo</span> <span class='ocrx_word' id='word_1_91' title='bbox 147 1780 227 1866; x_wconf 91' lang='lat' dir='ltr'>illo,</span> <span class='ocrx_word' id='word_1_92' title='bbox 253 1803 368 1869; x_wconf 86' lang='lat' dir='ltr'>quem</span> <span class='ocrx_word' id='word_1_93' title='bbox 381 1779 422 1850; x_wconf 91' lang='lat' dir='ltr'>in</span> <span class='ocrx_word' id='word_1_94' title='bbox 441 1793 593 1868; x_wconf 80' lang='lat' dir='ltr'>pectore</span> <span class='ocrx_word' id='word_1_95' title='bbox 615 1781 766 1862; x_wconf 80' lang='lat' dir='ltr'>habuit;</span> <span class='ocrx_word' id='word_1_96' title='bbox 792 1783 852 1850; x_wconf 85' lang='lat' dir='ltr'>hic</span> <span class='ocrx_word' id='word_1_97' title='bbox 869 1805 965 1871; x_wconf 89' lang='lat' dir='ltr'>puer</span> <span class='ocrx_word' id='word_1_98' title='bbox 978 1783 1019 1850; x_wconf 91' lang='lat' dir='ltr'>in</span> 
     </span>
    </p>

    <p class='ocr_par' dir='ltr' id='par_1_13' title="bbox 43 1881 1018 1976">
     <span class='ocr_line' id='line_1_16' title="bbox 43 1881 1018 1976; baseline -0.001 -25"><span class='ocrx_word' id='word_1_99' title='bbox 43 1882 121 1952; x_wconf 76' lang='lat' dir='ltr'>aula</span> <span class='ocrx_word' id='word_1_100' title='bbox 135 1881 237 1973; x_wconf 80' lang='lat' dir='ltr'>regis</span> <span class='ocrx_word' id='word_1_101' title='bbox 260 1881 392 1950; x_wconf 85' lang='lat' dir='ltr'>Gormi</span> <span class='ocrx_word' id='word_1_102' title='bbox 413 1881 613 1966; x_wconf 85' lang='lat' dir='ltr'>educatus,-</span> <span class='ocrx_word' id='word_1_103' title='bbox 639 1895 787 1954; x_wconf 80' lang='lat' dir='ltr'>rnature</span> <span class='ocrx_word' id='word_1_104' title='bbox 804 1882 1018 1976; x_wconf 80' lang='lat' dir='ltr'>intelligen-</span> 
     </span>
    </p>

    <p class='ocr_par' dir='ltr' id='par_1_14' title="bbox 42 1979 1080 2269">
     <span class='ocr_line' id='line_1_17' title="bbox 42 1979 1025 2070; baseline 0.002 -24"><span class='ocrx_word' id='word_1_105' title='bbox 42 1981 87 2048; x_wconf 84' lang='lat' dir='ltr'>tia</span> <span class='ocrx_word' id='word_1_106' title='bbox 105 1994 142 2048; x_wconf 90' lang='lat' dir='ltr'>et</span> <span class='ocrx_word' id='word_1_107' title='bbox 158 1979 453 2070; x_wconf 83' lang='lat' dir='ltr'>artiumperitie</span> <span class='ocrx_word' id='word_1_108' title='bbox 468 1983 669 2070; x_wconf 82' lang='lat' dir='ltr'>plerosque</span> <span class='ocrx_word' id='word_1_109' title='bbox 688 1981 770 2066; x_wconf 83' lang='lat' dir='ltr'>ejus</span> <span class='ocrx_word' id='word_1_110' title='bbox 789 1995 895 2050; x_wconf 85' lang='lat' dir='ltr'>terrae</span> <span class='ocrx_word' id='word_1_111' title='bbox 916 1983 1025 2060; x_wconf 54' lang='lat' dir='ltr'>inoow</span> 
     </span>
     <span class='ocr_line' id='line_1_18' title="bbox 43 2081 1080 2172; baseline 0 -22"><span class='ocrx_word' id='word_1_112' title='bbox 43 2081 91 2150; x_wconf 87' lang='lat' dir='ltr'>las</span> <span class='ocrx_word' id='word_1_113' title='bbox 103 2083 364 2155; x_wconf 83' lang='lat' dir='ltr'>antecellebat.</span> <span class='ocrx_word' id='word_1_114' title='bbox 419 2083 499 2152; x_wconf 81' lang='lat' dir='ltr'>Rex</span> <span class='ocrx_word' id='word_1_115' title='bbox 510 2082 1020 2172; x_wconf 83' lang='lat' dir='ltr'>Gormus,quinullumfili·</span> <span class='ocrx_word' id='word_1_116' title='bbox 1073 2089 1080 2106; x_wconf 85' lang='grc'><em>“</em></span> 
     </span>
     <span class='ocr_line' id='line_1_19' title="bbox 44 2181 1020 2269; baseline 0.002 -21"><span class='ocrx_word' id='word_1_117' title='bbox 44 2204 104 2250; x_wconf 89' lang='lat' dir='ltr'>um</span> <span class='ocrx_word' id='word_1_118' title='bbox 124 2181 298 2269; x_wconf 79' lang='lat' dir='ltr'>hahebat,</span> <span class='ocrx_word' id='word_1_119' title='bbox 320 2183 492 2251; x_wconf 87' lang='lat' dir='ltr'>Knutum</span> <span class='ocrx_word' id='word_1_120' title='bbox 508 2181 705 2258; x_wconf 83' lang='lat' dir='ltr'>alumnum</span> <span class='ocrx_word' id='word_1_121' title='bbox 726 2203 837 2250; x_wconf 87' lang='lat' dir='ltr'>suurn</span> <span class='ocrx_word' id='word_1_122' title='bbox 862 2197 940 2254; x_wconf 84' lang='lat' dir='ltr'>tem</span> <span class='ocrx_word' id='word_1_123' title='bbox 965 2182 1020 2250; x_wconf 93' lang='lat' dir='ltr'>di-</span> 
     </span>
    </p>

    <p class='ocr_par' dir='ltr' id='par_1_15' title="bbox 42 2281 1018 2372">
     <span class='ocr_line' id='line_1_20' title="bbox 42 2281 1018 2372; baseline -0.001 -23"><span class='ocrx_word' id='word_1_124' title='bbox 42 2282 138 2368; x_wconf 86' lang='lat' dir='ltr'>lexit,</span> <span class='ocrx_word' id='word_1_125' title='bbox 162 2295 210 2366; x_wconf 51' lang='lat' dir='ltr'>ut,</span> <span class='ocrx_word' id='word_1_126' title='bbox 222 2306 311 2352; x_wconf 92' lang='lat' dir='ltr'>eum</span> <span class='ocrx_word' id='word_1_127' title='bbox 326 2304 395 2372; x_wconf 90' lang='lat' dir='ltr'>pro</span> <span class='ocrx_word' id='word_1_128' title='bbox 408 2281 485 2350; x_wconf 82' lang='lat' dir='ltr'>flio</span> <span class='ocrx_word' id='word_1_129' title='bbox 495 2282 702 2371; x_wconf 82' lang='lat' dir='ltr'>adoptaret,</span> <span class='ocrx_word' id='word_1_130' title='bbox 729 2284 899 2372; x_wconf 80' lang='lat' dir='ltr'>tantique</span> <span class='ocrx_word' id='word_1_131' title='bbox 917 2305 1018 2370; x_wconf 84' lang='lat' dir='ltr'>eum,</span> 
     </span>
    </p>

    <p class='ocr_par' dir='ltr' id='par_1_16' title="bbox 43 2382 1019 2472">
     <span class='ocr_line' id='line_1_21' title="bbox 43 2382 1019 2472; baseline 0 -24"><span class='ocrx_word' id='word_1_132' title='bbox 43 2403 110 2470; x_wconf 87' lang='lat' dir='ltr'>prae</span> <span class='ocrx_word' id='word_1_133' title='bbox 128 2383 301 2455; x_wconf 88' lang='lat' dir='ltr'>omnibus</span> <span class='ocrx_word' id='word_1_134' title='bbox 316 2382 537 2472; x_wconf 79' lang='lat' dir='ltr'>propinquis</span> <span class='ocrx_word' id='word_1_135' title='bbox 553 2382 642 2470; x_wconf 86' lang='lat' dir='ltr'>suis,</span> <span class='ocrx_word' id='word_1_136' title='bbox 659 2382 763 2464; x_wconf 81' lang='lat' dir='ltr'>iecit,</span> <span class='ocrx_word' id='word_1_137' title='bbox 791 2397 835 2448; x_wconf 91' lang='lat' dir='ltr'>ut</span> <span class='ocrx_word' id='word_1_138' title='bbox 854 2383 888 2456; x_wconf 88' lang='lat' dir='ltr'>ei</span> <span class='ocrx_word' id='word_1_139' title='bbox 900 2383 1019 2470; x_wconf 90' lang='lat' dir='ltr'>impe·</span> 
     </span>
    </p>

    <p class='ocr_par' dir='ltr' id='par_1_17' title="bbox 41 2482 1019 2573">
     <span class='ocr_line' id='line_1_22' title="bbox 41 2482 1019 2573; baseline -0.002 -24"><span class='ocrx_word' id='word_1_140' title='bbox 41 2483 193 2554; x_wconf 85' lang='lat' dir='ltr'>rium-se</span> <span class='ocrx_word' id='word_1_141' title='bbox 211 2496 363 2555; x_wconf 84' lang='lat' dir='ltr'>mortuo</span> <span class='ocrx_word' id='word_1_142' title='bbox 391 2484 620 2553; x_wconf 81' lang='lat' dir='ltr'>decerneret.</span> <span class='ocrx_word' id='word_1_143' title='bbox 682 2482 756 2552; x_wconf 85' lang='lat' dir='ltr'>Hic</span> <span class='ocrx_word' id='word_1_144' title='bbox 783 2483 931 2552; x_wconf 87' lang='lat' dir='ltr'>Knutos</span> <span class='ocrx_word' id='word_1_145' title='bbox 956 2505 1019 2573; x_wconf 83' lang='lat' dir='ltr'>ap·</span> 
     </span>
    </p>

    <p class='ocr_par' dir='ltr' id='par_1_18' title="bbox 42 2582 1020 2671">
     <span class='ocr_line' id='line_1_23' title="bbox 42 2582 1020 2671; baseline -0.002 -19"><span class='ocrx_word' id='word_1_146' title='bbox 42 2583 193 2671; x_wconf 82' lang='lat' dir='ltr'>peilatus</span> <span class='ocrx_word' id='word_1_147' title='bbox 219 2597 275 2652; x_wconf 87' lang='lat' dir='ltr'>est</span> <span class='ocrx_word' id='word_1_148' title='bbox 302 2583 505 2655; x_wconf 62' lang='lat' dir='ltr'>Inventum·</span> <span class='ocrx_word' id='word_1_149' title='bbox 558 2585 639 2652; x_wconf 83' lang='lat' dir='ltr'>Rex</span> <span class='ocrx_word' id='word_1_150' title='bbox 667 2583 834 2660; x_wconf 84' lang='lat' dir='ltr'>Gormus</span> <span class='ocrx_word' id='word_1_151' title='bbox 855 2605 929 2650; x_wconf 89' lang='lat' dir='ltr'>non</span> <span class='ocrx_word' id='word_1_152' title='bbox 954 2582 1020 2650; x_wconf 85' lang='lat' dir='ltr'>diu</span> 
     </span>
    </p>

    <p class='ocr_par' dir='ltr' id='par_1_19' title="bbox 43 2681 1040 2872">
     <span class='ocr_line' id='line_1_24' title="bbox 43 2681 1040 2772; baseline -0.001 -23"><span class='ocrx_word' id='word_1_153' title='bbox 43 2682 252 2772; x_wconf 78' lang='lat' dir='ltr'>imperavit,</span> <span class='ocrx_word' id='word_1_154' title='bbox 292 2697 330 2752; x_wconf 87' lang='lat' dir='ltr'>et</span> <span class='ocrx_word' id='word_1_155' title='bbox 355 2683 489 2754; x_wconf 85' lang='lat' dir='ltr'>morbo</span> <span class='ocrx_word' id='word_1_156' title='bbox 516 2697 686 2752; x_wconf 85' lang='lat' dir='ltr'>mortuus</span> <span class='ocrx_word' id='word_1_157' title='bbox 705 2698 777 2765; x_wconf 80' lang='lat' dir='ltr'>est3</span> <span class='ocrx_word' id='word_1_158' title='bbox 812 2681 1012 2752; x_wconf 73' lang='lat' dir='ltr'>antenero</span> <span class='ocrx_word' id='word_1_159' title='bbox 1037 2695 1040 2704; x_wconf 94' lang='lat'>&#39;</span> 
     </span>
     <span class='ocr_line' id='line_1_25' title="bbox 43 2779 1020 2872; baseline -0.003 -22"><span class='ocrx_word' id='word_1_160' title='bbox 43 2807 149 2872; x_wconf 82' lang='lat' dir='ltr'>quem</span> <span class='ocrx_word' id='word_1_161' title='bbox 168 2783 268 2854; x_wconf 90' lang='lat' dir='ltr'>diem</span> <span class='ocrx_word' id='word_1_162' title='bbox 284 2783 407 2862; x_wconf 85' lang='lat' dir='ltr'>obiret</span> <span class='ocrx_word' id='word_1_163' title='bbox 430 2802 668 2870; x_wconf 88' lang='lat' dir='ltr'>supremum,</span> <span class='ocrx_word' id='word_1_164' title='bbox 704 2786 874 2852; x_wconf 88' lang='lat' dir='ltr'>Knutum</span> <span class='ocrx_word' id='word_1_165' title='bbox 901 2779 1020 2850; x_wconf 83' lang='lat' dir='ltr'>creari</span> 
     </span>
    </p>

    <p class='ocr_par' dir='ltr' id='par_1_20' title="bbox 41 2881 1019 2978">
     <span class='ocr_line' id='line_1_26' title="bbox 41 2881 1019 2978; baseline -0.004 -28"><span class='ocrx_word' id='word_1_166' title='bbox 41 2885 123 2960; x_wconf 79' lang='lat' dir='ltr'>lecit</span> <span class='ocrx_word' id='word_1_167' title='bbox 144 2907 274 2978; x_wconf 84' lang='lat' dir='ltr'>regem</span> <span class='ocrx_word' id='word_1_168' title='bbox 305 2883 423 2951; x_wconf 87' lang='lat' dir='ltr'>totius</span> <span class='ocrx_word' id='word_1_169' title='bbox 452 2881 576 2974; x_wconf 80' lang='lat' dir='ltr'>regni,</span> <span class='ocrx_word' id='word_1_170' title='bbox 606 2883 721 2970; x_wconf 82' lang='lat' dir='ltr'>quod</span> <span class='ocrx_word' id='word_1_171' title='bbox 750 2881 899 2968; x_wconf 86' lang='lat' dir='ltr'>ipsein</span> <span class='ocrx_word' id='word_1_172' title='bbox 924 2881 1019 2951; x_wconf 78' lang='lat' dir='ltr'>Jotie</span> 
     </span>
    </p>

    <p class='ocr_par' dir='ltr' id='par_1_21' title="bbox 43 2979 1019 3072">
     <span class='ocr_line' id='line_1_27' title="bbox 43 2979 1019 3072; baseline -0.005 -22"><span class='ocrx_word' id='word_1_173' title='bbox 43 2997 224 3056; x_wconf 85' lang='lat' dir='ltr'>tenuerat.</span> <span class='ocrx_word' id='word_1_174' title='bbox 282 2987 363 3058; x_wconf 83' lang='lat' dir='ltr'>Rex</span> <span class='ocrx_word' id='word_1_175' title='bbox 389 2983 553 3056; x_wconf 87' lang='lat' dir='ltr'>Gormus</span> <span class='ocrx_word' id='word_1_176' title='bbox 579 2983 702 3072; x_wconf 85' lang='lat' dir='ltr'>prisco</span> <span class='ocrx_word' id='word_1_177' title='bbox 723 3003 828 3050; x_wconf 87' lang='lat' dir='ltr'>more</span> <span class='ocrx_word' id='word_1_178' title='bbox 854 2979 1019 3056; x_wconf 83' lang='lat' dir='ltr'>tumula-</span> 
     </span>
    </p>

    <p class='ocr_par' dir='ltr' id='par_1_22' title="bbox 41 3097 191 3154">
     <span class='ocr_line' id='line_1_28' title="bbox 41 3097 191 3154; baseline 0.013 -4"><span class='ocrx_word' id='word_1_179' title='bbox 41 3097 95 3154; x_wconf 88' lang='lat' dir='ltr'>tus</span> <span class='ocrx_word' id='word_1_180' title='bbox 121 3097 191 3154; x_wconf 91' lang='lat' dir='ltr'>est.</span> 
     </span>
    </p>

    <p class='ocr_par' dir='ltr' id='par_1_23' title="bbox 39 3179 1033 4076">
     <span class='ocr_line' id='line_1_29' title="bbox 88 3179 1020 3275; baseline -0.006 -23"><span class='ocrx_word' id='word_1_181' title='bbox 88 3186 176 3275; x_wconf 85' lang='lat' dir='ltr'>Cap.</span> <span class='ocrx_word' id='word_1_182' title='bbox 191 3192 242 3256; x_wconf 79' lang='lat'>62.</span> <span class='ocrx_word' id='word_1_183' title='bbox 266 3187 349 3258; x_wconf 85' lang='lat' dir='ltr'>Rex</span> <span class='ocrx_word' id='word_1_184' title='bbox 377 3186 537 3274; x_wconf 88' lang='lat' dir='ltr'>Knutus,</span> <span class='ocrx_word' id='word_1_185' title='bbox 563 3181 755 3274; x_wconf 84' lang='lat' dir='ltr'>frequenti</span> <span class='ocrx_word' id='word_1_186' title='bbox 772 3179 912 3252; x_wconf 86' lang='lat' dir='ltr'>indicto</span> <span class='ocrx_word' id='word_1_187' title='bbox 932 3195 1020 3246; x_wconf 86' lang='lat' dir='ltr'>con·</span> 
     </span>
     <span class='ocr_line' id='line_1_30' title="bbox 41 3279 1033 3384; baseline -0.001 -32"><span class='ocrx_word' id='word_1_188' title='bbox 41 3303 164 3374; x_wconf 87' lang='lat' dir='ltr'>ventu,</span> <span class='ocrx_word' id='word_1_189' title='bbox 188 3286 339 3375; x_wconf 87' lang='lat' dir='ltr'>publice</span> <span class='ocrx_word' id='word_1_190' title='bbox 358 3308 485 3354; x_wconf 79' lang='lat' dir='ltr'>coram</span> <span class='ocrx_word' id='word_1_191' title='bbox 501 3285 643 3384; x_wconf 83' lang='lat' dir='ltr'>populo</span> <span class='ocrx_word' id='word_1_192' title='bbox 655 3283 864 3367; x_wconf 76' lang='lat' dir='ltr'>declaravit,</span> <span class='ocrx_word' id='word_1_193' title='bbox 892 3279 921 3346; x_wconf 83' lang='lat' dir='ltr'>si</span> <span class='ocrx_word' id='word_1_194' title='bbox 935 3280 1033 3366; x_wconf 13' lang='lat' dir='ltr'>quis,</span> 
     </span>
     <span class='ocr_line' id='line_1_31' title="bbox 41 3383 1019 3475; baseline -0.004 -24"><span class='ocrx_word' id='word_1_195' title='bbox 41 3385 168 3475; x_wconf 79' lang='lat' dir='ltr'>homo„</span> <span class='ocrx_word' id='word_1_196' title='bbox 190 3387 271 3466; x_wconf 78' lang='lat' dir='ltr'>eive</span> <span class='ocrx_word' id='word_1_197' title='bbox 289 3386 377 3454; x_wconf 87' lang='lat' dir='ltr'>oivis</span> <span class='ocrx_word' id='word_1_198' title='bbox 395 3400 515 3474; x_wconf 81' lang='lat' dir='ltr'>esset,</span> <span class='ocrx_word' id='word_1_199' title='bbox 554 3387 629 3454; x_wconf 86' lang='lat' dir='ltr'>sive</span> <span class='ocrx_word' id='word_1_200' title='bbox 654 3383 898 3474; x_wconf 81' lang='lat' dir='ltr'>peregrinus,</span> <span class='ocrx_word' id='word_1_201' title='bbox 931 3401 1019 3444; x_wconf 83' lang='lat' dir='ltr'>vera</span> 
     </span>
     <span class='ocr_line' id='line_1_32' title="bbox 41 3481 1020 3578; baseline -0.002 -25"><span class='ocrx_word' id='word_1_202' title='bbox 41 3485 230 3575; x_wconf 78' lang='lat' dir='ltr'>possetde</span> <span class='ocrx_word' id='word_1_203' title='bbox 249 3503 389 3578; x_wconf 80' lang='lat' dir='ltr'>genere</span> <span class='ocrx_word' id='word_1_204' title='bbox 407 3507 474 3552; x_wconf 88' lang='lat' dir='ltr'>suo</span> <span class='ocrx_word' id='word_1_205' title='bbox 496 3486 655 3572; x_wconf 85' lang='lat' dir='ltr'>referre,</span> <span class='ocrx_word' id='word_1_206' title='bbox 688 3507 727 3554; x_wconf 90' lang='lat' dir='ltr'>se</span> <span class='ocrx_word' id='word_1_207' title='bbox 744 3485 846 3552; x_wconf 88' lang='lat' dir='ltr'>huno</span> <span class='ocrx_word' id='word_1_208' title='bbox 864 3481 1020 3554; x_wconf 78' lang='lat' dir='ltr'>divitem</span> 
     </span>
     <span class='ocr_line' id='line_1_33' title="bbox 42 3580 1018 3677; baseline -0.01 -25"><span class='ocrx_word' id='word_1_209' title='bbox 42 3601 75 3654; x_wconf 88' lang='lat' dir='ltr'>et</span> <span class='ocrx_word' id='word_1_210' title='bbox 95 3601 292 3677; x_wconf 86' lang='lat' dir='ltr'>potentem</span> <span class='ocrx_word' id='word_1_211' title='bbox 317 3587 530 3670; x_wconf 62' lang='lat' dir='ltr'>facturum</span> <span class='ocrx_word' id='word_1_212' title='bbox 557 3585 662 3654; x_wconf 80' lang='lat' dir='ltr'>,haec</span> <span class='ocrx_word' id='word_1_213' title='bbox 693 3607 753 3665; x_wconf 70' lang='lat' dir='ltr'>res</span> <span class='ocrx_word' id='word_1_214' title='bbox 768 3603 848 3672; x_wconf 75' lang='lat' dir='ltr'>‚per</span> <span class='ocrx_word' id='word_1_215' title='bbox 880 3580 1018 3651; x_wconf 80' lang='lat' dir='ltr'>multas</span> 
     </span>
     <span class='ocr_line' id='line_1_34' title="bbox 40 3683 1020 3776; baseline 0.004 -24"><span class='ocrx_word' id='word_1_216' title='bbox 40 3687 489 3776; x_wconf 74' lang='lat' dir='ltr'>terresfemeperletaest.</span> <span class='ocrx_word' id='word_1_217' title='bbox 512 3689 665 3774; x_wconf 80' lang='lat' dir='ltr'>Ferunt,</span> <span class='ocrx_word' id='word_1_218' title='bbox 687 3683 1020 3758; x_wconf 71' lang='lat' dir='ltr'>duoeviroesaxo·</span> 
     </span>
     <span class='ocr_line' id='line_1_35' title="bbox 40 3781 1021 3878; baseline -0.006 -23"><span class='ocrx_word' id='word_1_219' title='bbox 40 3801 124 3856; x_wconf 87' lang='lat' dir='ltr'>nes¹</span> <span class='ocrx_word' id='word_1_220' title='bbox 157 3787 204 3856; x_wconf 83' lang='lat' dir='ltr'>ad</span> <span class='ocrx_word' id='word_1_221' title='bbox 235 3789 361 3858; x_wconf 81' lang='lat' dir='ltr'>aulam</span> <span class='ocrx_word' id='word_1_222' title='bbox 393 3786 507 3878; x_wconf 51' lang='lat' dir='ltr'>regis¹</span> <span class='ocrx_word' id='word_1_223' title='bbox 526 3788 643 3858; x_wconf 90' lang='lat' dir='ltr'>Knuti</span> <span class='ocrx_word' id='word_1_224' title='bbox 666 3805 821 3873; x_wconf 85' lang='lat' dir='ltr'>vespere</span> <span class='ocrx_word' id='word_1_225' title='bbox 858 3781 1021 3872; x_wconf 80' lang='lat' dir='ltr'>quodam</span> 
     </span>
     <span class='ocr_line' id='line_1_36' title="bbox 39 3879 1020 3980; baseline -0.01 -24"><span class='ocrx_word' id='word_1_226' title='bbox 39 3889 250 3972; x_wconf 69' lang='lat' dir='ltr'>adveniese5</span> <span class='ocrx_word' id='word_1_227' title='bbox 294 3888 359 3978; x_wconf 92' lang='lat' dir='ltr'>qui</span> <span class='ocrx_word' id='word_1_228' title='bbox 384 3909 473 3956; x_wconf 87' lang='lat' dir='ltr'>cum</span> <span class='ocrx_word' id='word_1_229' title='bbox 497 3886 543 3954; x_wconf 83' lang='lat' dir='ltr'>ed</span> <span class='ocrx_word' id='word_1_230' title='bbox 577 3886 809 3980; x_wconf 82' lang='lat' dir='ltr'>colloquium</span> <span class='ocrx_word' id='word_1_231' title='bbox 832 3883 930 3973; x_wconf 78' lang='lat' dir='ltr'>regis</span> <span class='ocrx_word' id='word_1_232' title='bbox 958 3879 1020 3948; x_wconf 82' lang='lat' dir='ltr'>ed-</span> 
     </span>
     <span class='ocr_line' id='line_1_37' title="bbox 40 3986 1019 4076; baseline -0.011 -20"><span class='ocrx_word' id='word_1_233' title='bbox 40 3991 142 4058; x_wconf 88' lang='lat' dir='ltr'><strong>missi</strong></span> <span class='ocrx_word' id='word_1_234' title='bbox 157 4004 292 4076; x_wconf 83' lang='lat' dir='ltr'>essent,</span> <span class='ocrx_word' id='word_1_235' title='bbox 319 4011 451 4058; x_wconf 86' lang='lat' dir='ltr'>eorum</span> <span class='ocrx_word' id='word_1_236' title='bbox 461 3987 526 4076; x_wconf 87' lang='lat' dir='ltr'>qui</span> <span class='ocrx_word' id='word_1_237' title='bbox 541 3989 763 4076; x_wconf 76' lang='lat' dir='ltr'>perimeret,</span> <span class='ocrx_word' id='word_1_238' title='bbox 788 3986 938 4053; x_wconf 83' lang='lat' dir='ltr'>locutus</span> <span class='ocrx_word' id='word_1_239' title='bbox 954 3992 1019 4062; x_wconf 75' lang='lat' dir='ltr'>est:</span> 
     </span>
    </p>
   </div>
   <div class='ocr_carea' id='block_1_3' title="bbox 75 4118 341 4192">
    <p class='ocr_par' dir='ltr' id='par_1_24' title="bbox 75 4118 341 4192">
     <span class='ocr_line' id='line_1_38' title="bbox 75 4118 341 4192; baseline -0.015 -19"><span class='ocrx_word' id='word_1_240' title='bbox 75 4124 106 4192; x_wconf 91' lang='lat'>¹)</span> <span class='ocrx_word' id='word_1_241' title='bbox 127 4121 235 4183; x_wconf 77' lang='lat' dir='ltr'>Sv&#39;ecos,</span> <span class='ocrx_word' id='word_1_242' title='bbox 258 4123 288 4186; x_wconf 80' lang='lat' dir='ltr'>n,</span> <span class='ocrx_word' id='word_1_243' title='bbox 311 4118 341 4172; x_wconf 85' lang='lat' dir='ltr'>C.</span> 
     </span>
    </p>
   </div>
   <div class='ocr_carea' id='block_1_4' title="bbox 0 0 1268 4782">
    <p class='ocr_par' dir='ltr' id='par_1_25' title="bbox 0 0 1268 4782">
     <span class='ocr_line' id='line_1_39' title="bbox 0 0 1268 4782; baseline 0 0"><span class='ocrx_word' id='word_1_244' title='bbox 0 0 1268 4782; x_wconf 95' lang='lat' dir='ltr'> </span> 
     </span>
    </p>
   </div>
  </div>
 </body>
</html>
