2526 4782
296 244 357 332 80
583 255 855 318 ...··.-·.····....······..
1023 251 1239 320 <osse-u

246 471 462 556 duxerunt,
493 465 637 558 ibique
665 486 848 556 perquam
883 460 954 530 diu
982 465 1211 555 commorati,

246 595 378 642 census
412 582 449 638 et
473 567 614 636 tributa
638 591 657 634 a
685 564 827 634 colonis
848 566 1065 658 exegerunt.
1132 572 1213 638 Ver·
1239 489 1241 642 i

243 687 358 764 gente
381 682 516 756 aestate,
545 666 726 760 Sigurdus
744 663 844 746 Slefa
868 678 906 734 et
932 688 999 753 rex
1020 668 1213 740 Gudrtidus

244 775 298 841 ibi
317 784 598 858 remanserunt,
624 765 812 838 Haraldus
832 787 933 849 vero,
959 784 998 838 et
1015 768 1133 838 ceteri
1150 768 1214 836 fra-

244 887 339 959 tres,
358 894 445 939 cum
464 870 578 960 copiis
588 867 793 966 navalibus,
811 888 892 954 quae
911 862 996 938 illos
1014 869 1085 938 hac
1096 881 1213 936 aestate

247 997 292 1041 eo
311 986 446 1041 secutae
462 969 632 1060 fuerant,
655 967 828 1062 regiones
848 965 894 1034 ad
911 971 1098 1040 orientem
1122 968 1213 1059 posi·

244 1072 538 1164 taspetiverunt.

453 1172 581 1240 credes
600 1171 699 1266 regis
716 1166 874 1260 Sigurdi
888 1167 1019 1264 ,Slesm

300 1271 388 1360 Cap.
413 1273 464 1343 40.
492 1271 675 1362 Sequenti
699 1281 883 1338 autumno
911 1269 1047 1340 Hakon
1068 1267 1216 1359 dynasta

248 1371 295 1441 ad
315 1368 554 1464 Helsingiam
584 1372 701 1442 classe
724 1368 920 1458 advectus,
953 1368 1148 1440 subductis
1171 1369 1216 1438 ibi
1243 1399 1245 1418 =

247 1471 290 1542 in
312 1485 453 1540 terram
474 1473 651 1560 navibus,
681 1468 855 1540 terrestri
879 1469 1014 1544 itinere
1037 1474 1215 1561 periam·

247 1573 341 1642 tiam
366 1586 404 1638 et
426 1572 684 1667 Helsingiam,
717 1567 854 1641 deinde
877 1591 946 1660 per
969 1570 1217 1658 Carinam,'in

248 1671 577 1744 Thrandheimum
593 1673 804 1761 descendit,
831 1669 1121 1742 ubiconfluente
1138 1692 1217 1738 mox

244 1774 294 1854 ad
311 1795 400 1840 eum
416 1773 959 1867 magnamultitudinepopuli,
974 1797 1085 1842 naves
1102 1769 1217 1840 milite
1247 1806 1248 1900 ,

250 1873 462 1962 complevit.
517 1873 774 1968 Quocognito,
795 1874 1027 1946 Gunnhildae
1039 1872 1121 1960 filii,
1140 1893 1218 1942 con·

247 1973 387 2052 scensis
402 1975 568 2059 navibus,
579 1987 786 2044 excurrunt
804 1999 824 2043 e
838 1973 942 2060 sinu-3
967 1975 1123 2068 dynasta
1139 1992 1218 2040 vero
1248 1994 1249 2052 r

247 2075 403 2164 Hakon,
442 2074 584 2146 Hladas
617 2075 830 2166 profectus,
869 2077 924 2146 ibi
958 2097 1027 2166 per
1058 2073 1249 2142 hiemem

250 2188 504 2244 commoratus
539 2187 612 2258 est,
654 2177 884 2250 Gunnhildae
910 2177 996 2246 ffliis
1030 2177 1072 2244 in
1096 2171 1220 2246 Maria
1249 2182 1250 2216 ¹

250 2273 491 2358 sedentibus3
543 2273 634 2342 hinc
667 2278 846 2368 utrinque
872 2275 1156 2348 incursionibus
1186 2283 1220 2339 et

251 2371 415 2446 caedibus
445 2399 484 2446 se
521 2389 656 2468 mutuo
690 2379 930 2450 lacessebant.
994 2379 1132 2448 Hakon
1165 2373 1221 2466 dy·
1250 2379 1251 2390 ’

248 2487 357 2568 nasta
382 2499 545 2572 regnum
574 2499 688 2546 suum
721 2479 762 2548 in
792 2479 1078 2552 Thrandheimo
1109 2489 1221 2546 ¹tenu·

249 2579 301 2664 it,
325 2577 482 2666 .·ibique
526 2577 731 2668 saepissime
766 2601 835 2670 per
868 2584 1016 2652 hiemes
1057 2593 1221 2648 moratus

252 2689 329 2762 est,
370 2700 439 2770 per
471 2690 787 2768 aestatesautem,
823 2706 926 2752 mare
953 2679 1139 2748 orientale
1171 2676 1222 2743 in·

250 2801 407 2874 gressus,
443 2775 642 2866 piraticam
676 2781 897 2868 exercebat3
940 2780 1005 2850 sed
1033 2777 1223 2850 interdum

156 2913 162 2927 ·
249 2901 319 2972 per
341 2891 484 2948 aestates
501 2877 542 2946 in
557 2877 842 2950 Thrandheimo
860 2894 1136 2967 commoratus,
1169 2899 1223 2946 ex-

250 2981 426 3070 peditum
444 2981 653 3046 exercitum
675 2981 825 3061 habuit;
868 3007 982 3074 quare
1000 2979 1223 3056 Gunnhilde

251 3080 339 3148 filiis
364 3081 407 3148 ab
432 3079 609 3169 aquilone
627 3079 729 3146 Stadi
757 3083 936 3152 manendi
962 3096 1128 3173 potestas
1154 3101 1225 3149 non

252 3178 338 3248 tuit.
392 3184 531 3250 AEstate
555 3177 717 3268 quadam
740 3182 927 3252 Haraldus
946 3183 1146 3254 Grafeldus
1164 3179 1224 3272 (ci-

251 3301 367 3346 nereo
387 3301 474 3372 sago
488 3278 661 3360 indutus)
679 3302 767 3348 curn
784 3285 954 3370 exercitu
969 3283 1011 3352 in
1027 3282 1227 3369 Bjarmiam

251 3377 487 3468 profectus¹,
513 3379 655 3468 praedas
672 3382 823 3472 agebat,
845 3381 1116 3480 ingentemque
1137 3402 1227 3476 pug-

252 3503 341 3551 nam
362 3503 450 3548 cum
460 3479 617 3564 Bjarmis
632 3479 673 3548 in
688 3482 770 3572 ripa
780 3483 884 3552 Vinea
902 3486 1101 3572 commisit,
1119 3503 1226 3572 supe·

252 3579 405 3670 riorque
423 3579 601 3667 discessit,
619 3601 754 3672 magna
768 3583 866 3652 edita
874 3584 1078 3654 hominum
1088 3599 1227 3675 strage;

256 3679 391 3748 deinde
410 3679 604 3775 regionem
624 3679 699 3749 late
709 3683 877 3770 vastavit,
900 3684 1124 3777 ingentique
1138 3706 1228 3776 praea

257 3779 301 3846 da
322 3781 466 3868 potitus
483 3793 547 3849 est.
601 3779 660 3849 Sic
681 3780 771 3850 dicit
788 3784 949 3854 Glumus
967 3785 1087 3856 Geirii
1109 3787 1226 3854 filius:

295 3913 321 3976 ¹)
343 3909 443 3960 dehac
463 3909 629 3980 expeditione
649 3914 808 3963 mentionem
824 3933 929 3984 quoque
949 3917 1011 3968 facit
1036 3920 1090 3968 vita
1107 3915 1228 3968 Kormaki

254 4024 332 4076 mser.
354 3997 488 4071 cap.19.‚
508 4017 568 4068 quae
588 4000 695 4052 samad
715 4022 811 4082 annum
828 4005 879 4058 965
898 4006 994 4058 referre
1014 4007 1127 4060 videtur.
