2534 4778
282 282 375 372 210
527 379 529 382 ,
570 291 842 392 ..ἐξῇ-*-
1100 303 1136 371 c.
1154 305 1213 372 90.

320 515 472 584 Etcum
489 506 682 605 gigantide
701 508 871 582 cassidist
894 519 897 526 “

318 609 505 703 processit
529 608 697 682 Thorlrel
716 611 847 701 Leira,

323 736 412 782 curn
425 712 584 803 largitor
600 710 755 780 annuli²
777 713 823 782 de
842 713 987 784 femina

283 819 289 829 '
319 813 511 904 proferret
530 812 643 880 verbu
658 815 875 884 amatoria³.

278 937 279 942 ¹
319 915 527 982 illelictum
541 912 743 982 intentavit

258 1020 262 1079 .'
321 1016 490 1084 animoso
513 1014 598 1084 Alii
617 1013 708 1101 filio,

321 1116 385 1184 sed
403 1117 528 1206 prior4
546 1116 582 1183 ei
600 1115 727 1184 attulit
743 1137 880 1184 necem

323 1240 465 1307 pronus
481 1217 522 1284 in
540 1215 730 1286 ultionem
751 1221 865 1309 Vagn.

220 1320 322 1386 ann
340 1317 489 1388 Eirikus
507 1322 672 1412 Vagnem
696 1315 831 1386 ¹adiens
849 1315 1120 1412 interrogavit,
1161 1341 1208 1386 an

217 1416 297 1483 vita
328 1417 459 1487 donari
481 1419 609 1486 vellet.
678 1419 796 1506 Volo,
835 1417 979 1507 inquit,
1019 1419 1051 1488 si
1076 1431 1207 1488 votum

218 1521 510 1586 meumsolvere
523 1518 664 1588 licebit.
720 1519 777 1588 Ita
791 1532 965 1588 narratur
980 1519 1023 1590 in
1032 1520 1206 1590 encomio

218 1619 474 1688 Jornensium:

324 1720 513 1810 Cupisne‚
542 1719 674 1790 Othini
687 1721 866 1812 procellae

322 1822 580 1911 exasperatur!
607 1821 684 1890 vita
704 1820 860 1890 donari?

320 1922 523 2011 prudentia
538 1921 696 2014 insignis
712 1921 835 2014 Vagni

319 2023 512 2112 projector
529 2021 878 2092 annulorumdixir.

320 2125 439 2209 Nolo,
467 2123 541 2192 nisi
558 2146 710 2211 meum,
737 2122 839 2213 quod
858 2121 1007 2208 juvenis

262 2275 265 2282 ,
318 2225 554 2313 nuncupavi,
576 2237 711 2292 votum
727 2239 924 2292 exsecutus
942 2224 1062 2311 fuero,

319 2324 395 2391 rita
417 2323 574 2411 donari,
611 2323 706 2392 dixit
729 2339 888 2414 satrapae

320 2443 466 2492 numen
483 2425 662 2516 procellae
678 2425 946 2520 gladiorum„

218 2525 318 2592 Turn
338 2525 489 2594 Eirikus
514 2525 670 2618 dynasta
687 2547 751 2596 eos
770 2547 902 2594 omnes
916 2525 1010 2594 fune
1024 2524 1121 2594 solvi
1131 2525 1204 2613 jus-

218 2623 282 2705 sit3
294 2621 297 2629 ’
311 2637 396 2692 turn
412 2627 457 2694 dx
475 2626 611 2716 piratis
631 2626 868 2697 lomensibus
894 2623 1118 2696 duodecim⁶
1146 2648 1203 2696 su·

216 2721 417 2812 perurant,
450 2726 632 2816 quicum
670 2729 798 2820 Vagne
828 2727 905 2796 vita
936 2725 1070 2794 donati
1104 2741 1201 2815 sunt,
1253 2707 1254 2731 ¹

217 2823 538 2913 quemadmodum
563 2839 692 2896 narrat
707 2827 880 2914 Bjarnius
902 2826 1125 2918 episcopus⁷
1140 2852 1158 2913 ι,

317 2927 555 2998 Perliberalis
574 2928 722 3000 Eirikus
742 2925 927 2998 concessit

205 3071 208 3080 -
318 3028 435 3098 vitam
455 3043 494 3098 et
511 3051 602 3120 opes
624 3028 826 3099 duodecim

260 3159 286 3224 ¹)
306 3163 326 3210 i.
353 3179 379 3211 e.
407 3161 501 3212 secur-l.
544 3159 575 3226 ⁸)
594 3162 645 3225 vir,
665 3178 702 3212 sc.
717 3159 803 3228 Vagn.
850 3155 883 3227 ⁸)
903 3157 967 3209 ride
994 3156 1142 3210 Histoi-iarn
1157 3158 1202 3208 Io-

214 3253 342 3300 mensium
357 3255 498 3320 piratarum
518 3251 561 3303 ed·
582 3253 680 3318 Herm,
708 3251 755 3302 ubi
772 3251 857 3301 fusius
875 3249 908 3300 de
926 3249 1133 3318 hacreagitur.
1172 3251 1201 3314 ⁴)

213 3341 317 3405 peirri,
332 3342 487 3413 (profirm')
504 3345 535 3394 B.
575 3343 658 3395 Abest
673 3345 732 3396 haec
751 3341 855 3411 stropha
873 3343 902 3392 in
919 3340 950 3405 C,
969 3342 1000 3405 F,
1020 3339 1049 3406 S,
1069 3341 1118 3407 sk,
1139 3341 1200 3391 Hir.

229 3445 231 3452 ’
257 3435 283 3499 ⁵)
306 3430 394 3486 Ordo:
413 3437 607 3506 Hyggju-gegn
627 3435 722 3506 hnicgo
738 3433 871 3504 dreyriru)
889 3429 959 3484 laod*
971 3445 1001 3482 at
1019 3435 1116 3502 magni:
1130 3431 1200 3492 ailus,
1251 3427 1252 3465 l

219 3527 555 3597 lsogjnr-dlsvellandi!fl)
587 3525 659 3596 osa)
685 3528 786 3597 {siggja
803 3523 898 3595 ydram
923 3523 978 3595 Ius?
1011 3523 1078 3594 Eigi
1097 3541 1156 3574 mun
1174 3518 1200 3569 ek

218 3614 405 3686 Iriggjnjjdr,
429 3615 538 3681 nemob)
560 3616 622 3685 esna
640 3617 709 3680 lle1't,
726 3617 779 3678 hat
798 3637 824 3666 er
841 3618 906 3686 dngr
926 3635 987 3666 narn
1006 3613 1134 3682 strrnffl'ffl·
1158 3611 1201 3660 sod

213 3703 286 3756 duod*
312 3706 361 3757 ullr
382 3693 525 3779 egglrrz'dor
544 3721 571 3760 ut
588 3707 662 3775 jnrli.
703 3697 786 3758 Abest
806 3710 834 3758 in
854 3705 890 3771 C,
910 3707 949 3771 F,
969 3707 1006 3772 S,
1023 3703 1078 3770 sk,
1099 3707 1166 3756 Hkr.

153 3837 155 3848 .
252 3795 286 3864 n)
306 3795 360 3864 of,
384 3799 415 3850 B.
453 3801 480 3861 d)
502 3800 545 3864 ek,
567 3797 633 3863 add,
652 3799 683 3846 B.
1250 3801 1251 3831 l

231 3889 288 3956 n)
306 3892 324 3938 i.
352 3907 377 3940 e.
402 3893 444 3941 vir
461 3888 619 3954 munificus3
639 3889 795 3956 intelligitur
814 3887 921 3938 Eirilrus
940 3900 1048 3959 satrapa.
1076 3889 1113 3960 β)
1129 3909 1199 3962 proe-

211 3980 303 4046 liator,
320 4001 414 4053 nempe
428 3983 514 4048 Vagn.

258 4077 287 4137 ⁶)
310 4073 419 4136 dacem,
441 4073 471 4121 Β.
515 4072 549 4138 ⁷)
566 4075 593 4122 ln
612 4075 732 4123 encomio
752 4070 815 4136 illo,
854 4071 926 4140 quod
951 4069 984 4122 de
1010 4072 1105 4142 proelio
1129 4078 1198 4144 pira-

211 4175 293 4214 larum
312 4167 473 4216 Jonrensr'urn
492 4165 570 4230 lecit,
591 4165 652 4214 odd.
674 4165 704 4213 B.
