2536 4788
271 305 331 391 22
371 359 377 368 .
484 333 489 350 ·
558 309 827 374 s
1088 312 1126 374 o.v
1146 309 1199 377 15.

213 533 297 602 Rex
316 525 470 598 Eirikus
494 519 786 617 Sanguisecuris
814 545 835 590 e
864 539 981 614 regno
1000 521 1199 617 profugit.

266 626 418 720 Capit.
440 623 568 695 Primo
585 644 670 691 vere
693 643 758 690 rex
776 620 924 711 Hakon,
947 642 1016 713 per
1029 623 1201 714 superio·
1255 679 1256 690 ἢ

214 751 273 802 res
308 725 597 818 Upplandorum
618 735 779 812 tractus,
817 721 972 792 boream
998 745 1126 794 versus
1157 724 1201 793 in
1256 728 1257 820 i

216 827 544 904 Thrandheimum
557 824 759 916 proiectus,
775 823 972 917 ingentem
986 825 1204 894 exercitum
1256 835 1257 842 ’

216 953 262 999 ex
286 943 366 1000 tota
389 927 581 1019 provincia
602 925 786 1014 evocavit,
823 925 1054 1018 classemque
1074 925 1203 997 milite
1257 912 1258 998 i

214 1031 401 1102 instruxit.
452 1027 630 1100 Vikenses
648 1048 799 1118 quoque
813 1049 968 1122 magnas
985 1027 1206 1096 exciverant
1258 1094 1259 1140 1

217 1133 359 1223 copias,
383 1152 473 1220 quas
490 1128 663 1196 adversus
677 1147 809 1220 regem
824 1127 1024 1196 Hakonem
1044 1149 1204 1197 movere
1258 1141 1259 1164 t

217 1243 443 1303 statuerunt.
480 1229 627 1300 Eirikus
642 1249 711 1318 per
725 1228 866 1298 medias
876 1227 1206 1323 regniprovineias
1259 1278 1260 1304 1

217 1333 358 1406 milites
371 1351 551 1418 evocans,
583 1329 625 1398 in
641 1349 779 1421 magna
799 1329 874 1396 fuit
890 1330 1085 1420 copiarum
1106 1326 1205 1396 diffi-

219 1434 378 1521 cultate,
405 1430 507 1521 quod
523 1431 748 1522 optimatum
763 1429 894 1517 multi,
919 1452 964 1498 eo
979 1431 1133 1518 relicto,
1157 1427 1208 1496 ad

217 1535 418 1607 Hakonem
433 1532 706 1617 transierunt13
730 1551 845 1620 quare
862 1551 951 1598 cum
969 1531 1097 1622 copiis
1119 1551 1206 1620 quae

186 1661 187 1664 ¹
220 1647 310 1702 eum
324 1633 430 1726 sequi
443 1631 637 1718 volebant,
671 1651 741 1720 per
763 1651 869 1700 mare
890 1629 1122 1700 occidentale
1138 1651 1208 1698 na·
1261 1644 1262 1656 ¹

218 1735 374 1828 vigavit3
399 1733 567 1822 primum
580 1731 621 1798 in
637 1729 830 1822 Orkneyas
846 1729 1036 1821 profectus
1052 1747 1121 1820 est,
1146 1729 1208 1799 in-

221 1835 344 1923 deque
353 1853 505 1927 magnas
518 1829 819 1920 abduxitcopias3
842 1830 931 1900 inde
944 1846 1116 1901 austrum
1124 1853 1209 1900 ver-

221 1957 282 2004 sus
300 1933 341 2000 in
358 1932 533 2025 Angiiam
550 1930 753 2022 navigavit,
787 1931 915 2022 ibique
930 1931 1073 2022 praedas
1094 1953 1209 2026 agere
1263 2012 1264 2028 ἦ

120 2054 122 2059 ·
222 2034 357 2124 coepit.
432 2033 515 2126 Quo
537 2053 605 2098 rex
633 2030 848 2100 Adalstein²
873 2033 1044 2127 cognito,
1086 2031 1211 2100 missis

222 2134 271 2204 ad
299 2133 469 2204 Eirikum
491 2131 643 2222 legatis,
691 2131 727 2199 ei
757 2130 941 2202 ditionem
972 2132 1214 2202 fiduciariam
1264 2194 1265 2222 3

224 2233 380 2320 obtulit,
424 2231 637 2324 significans
671 2221 881 2320 facturum,
930 2233 1033 2326 quod
1062 2233 1105 2302 in
1139 2253 1214 2300 sua

222 2345 411 2427 potestate
447 2344 561 2421 esset,
605 2344 650 2400 ut
679 2331 748 2400 ille
774 2353 817 2401 ac
837 2331 974 2403 Hakou
1006 2333 1052 2404 ab
1081 2331 1214 2422 impiis

223 2433 524 2505 contentionibus
549 2445 819 2501 averterentur.
877 2437 1001 2529 Quam
1027 2432 1214 2502 conditio-

224 2559 315 2604 nem
341 2555 429 2603 cum
448 2555 514 2601 rex
529 2533 676 2604 Eirikus
700 2534 919 2623 accepisset,
957 2533 1078 2603 missis
1090 2534 1214 2602 inter·

225 2635 392 2721 nunciis,
424 2633 499 2701 fide
524 2632 609 2702 data
634 2633 848 2724 et'accepta
865 2635 968 2703 inter
987 2654 1096 2726 reges
1122 2654 1215 2702 con·

225 2736 346 2816 venit,
373 2747 417 2801 ut
430 2732 577 2805 Eirikus
594 2737 628 2804 N
630 2731 905 2804 orthumbriam
926 2733 972 2804 ab
989 2754 1082 2827 rege
1099 2731 1217 2804 Adat-

226 2835 363 2904 steine³
382 2833 616 2906 fiduciariam
633 2833 832 2923 acciperet,
859 2847 898 2902 et
909 2834 1106 2926 regionem
1123 2855 1217 2902 con-

225 2949 285 3003 tra
307 2937 434 3010 Dauos
451 2934 620 3024 aliosque
640 2933 835 3024 praedoues
849 2933 1087 3023 defenderet,
1110 2934 1215 3024 ipsess

229 3057 303 3125 que
321 3045 359 3102 et
382 3035 520 3118 conjux
541 3034 621 3119 ejus
642 3047 681 3101 et
704 3033 835 3123 liberi,
870 3056 943 3103 nec
965 3057 1044 3105 non
1066 3057 1214 3123 omnes,

230 3134 296 3224 qui
313 3155 403 3204 eum
417 3133 511 3204 illuc
537 3133 657 3201 secuti
668 3133 838 3224 fuerant,
872 3133 1057 3226 baptismo
1077 3137 1216 3206 lustra·

229 3246 373 3302 rentur.
426 3237 530 3306 Tum
545 3231 692 3304 Eirikus
704 3232 924 3325 baptizatus,
951 3248 990 3304 et
1004 3255 1134 3305 veram
1154 3259 1216 3304 re-

229 3336 413 3431 ligionem
431 3334 629 3424 amplexus
653 3346 718 3405 est.
781 3335 1051 3408 Northumbria
1074 3335 1218 3406 dicitur

163 3529 165 3534 ι
232 3435 362 3524 quinta
379 3453 463 3523 pars
477 3435 633 3525 Angliae.
670 3517 672 3522 ¹
693 3434 840 3506 Eirikus
859 3437 1219 3520 Jorvikaefflboraci)

231 3534 361 3602 sedem
375 3533 526 3628 habuit,
557 3535 624 3604 ubi
638 3534 768 3607 sedem
793 3537 887 3609 olim
898 3537 1070 3607 babuisse
1085 3537 1219 3606 ferun·

232 3651 295 3701 tur
314 3633 520 3702 Lodbrokae
547 3635 626 3706 filii.
686 3637 775 3707 Post
801 3650 1025 3728 occupatam
1047 3639 1092 3707 ab
1115 3638 1219 3707 Lod-

232 3731 359 3802 brokae
388 3734 473 3804 filiis
493 3735 822 3826 Nortbumbriam,
861 3739 943 3807 baec
968 3739 1074 3830 regio
1094 3741 1219 3809 maxi-

232 3853 337 3903 mam
368 3847 516 3923 partem
542 3836 586 3904 ab
614 3837 864 3909 Nordmannis
890 3837 964 3907 fuit
986 3839 1220 3927 inhabitata3

233 3955 322 4002 narn
333 3952 531 4023 postquam
539 3935 597 4008 illi
608 3937 815 4028 imperium
824 3939 987 4032 regionis
1000 3941 1218 4029 amiserant,

168 4071 175 4078 “
274 4063 306 4128 ¹)
325 4067 372 4130 ‘qui
389 4081 448 4113 curn
469 4064 562 4134 opibus
581 4083 608 4117 se
627 4065 777 4121 destitutum
794 4069 1022 4133 anirnadvureret,
1049 4071 1144 4138 quibus
1159 4074 1219 4140 regi

234 4153 339 4204 Haboni
348 4156 483 4220 resisteret,
504 4156 575 4223 add„
592 4153 623 4222 C,
637 4157 666 4208 F.
696 4155 724 4224 2)
745 4158 902 4226 Adalradus,
918 4162 948 4212 F.
982 4158 1007 4227 η’>
1027 4159 1171 4227 Attali-ado,
1186 4164 1217 4212 F.
