2554 4778
48 321 81 378 c.
97 320 173 385 116.
416 321 686 360 ''¹¹¹⁸''-
879 307 969 397 267
1021 321 1022 324 ‘

46 548 183 601 temen
201 550 329 600 serves
340 543 504 600 aratrum
517 524 667 598 trabere
681 528 801 617 jussit.
825 532 924 603 Cum
937 533 1029 608 vero

44 630 269 716 Hibrieivus
288 653 330 698 ac
350 632 410 700 sui
425 631 465 700 in
482 628 591 700 dieta
608 628 822 713 fabricanda
835 651 957 703 essent
969 661 1030 705 oc-

44 731 199 824 cupati,
225 731 321 801 servi
335 745 582 802 eutemerere
600 729 790 819 deberent,
815 733 1031 806 Dufthsku's

43 835 85 902 id
105 831 257 904 consilii
275 831 387 920 dedit,
414 847 457 902 ut
471 831 608 902 bovem
623 831 889 926 interficerent,
914 850 1028 926 etque

45 935 92 1002 ab
112 957 202 1004 urso
215 933 388 1026 sylvestri
405 930 652 1003 interfectum
672 932 861 1020 dicerent,
890 935 1028 1008 deinde

45 1034 292 1121 Hjbrleivunr
309 1055 352 1103 ec
366 1056 453 1102 sues
469 1031 717 1118 adorirentur,
736 1033 766 1101 si
784 1053 916 1106 ursum
927 1059 1025 1126 quu-

44 1149 188 1204 rerent.
244 1137 326 1206 Hoc
343 1133 538 1222 Hjiirleivn
554 1134 709 1223 ejusque
725 1135 1026 1224 sociisjndicant,

44 1237 183 1304 bovem
199 1235 244 1303 ab
262 1255 350 1305 urso
367 1258 444 1304 esee
458 1232 717 1317 interiectum
744 1255 832 1306 cum
854 1257 941 1306 vero
965 1237 1029 1306 illi

44 1335 110 1404 alii
134 1337 211 1407 elin
237 1357 305 1426 per
330 1337 472 1426 sylvam
505 1337 623 1420 irent,
656 1357 786 1404 ursum
817 1338 1029 1432 quesiturip

45 1436 146 1504 servi
161 1436 330 1528 singulos
346 1435 480 1523 adorti,
491 1437 696 1522 universos,
707 1455 800 1526 quot
813 1437 885 1528 ipsi
902 1451 1026 1526 erant,

44 1535 341 1621 iuterfecerunt3
390 1535 526 1606 deinde
555 1535 843 1606 interfectorum
877 1561 1026 1626 uxores,

44 1659 101 1705 res
118 1637 280 1708 mobiles
298 1651 336 1706 et
353 1637 530 1728 scapham
549 1636 673 1723 navis,
702 1638 962 1724 abstulerunt,
988 1655 1028 1708 et

44 1737 84 1806 in
99 1739 262 1826 insulas,
289 1759 382 1830 quas
399 1739 439 1810 in
459 1759 600 1806 oceano
631 1737 677 1807 sd
699 1737 915 1808 libanotum
940 1739 1028 1807 sitas

46 1852 345 1930 conspexerunt,
369 1839 623 1926 traiecerunt,
649 1835 779 1929 ibique
795 1836 902 1908 sedes
919 1855 1027 1929 pere-

44 1952 144 2012 tunt.
202 1939 300 2007 Vivil
311 1953 349 2008 et
363 1939 659 2010 Kerliusnomen
677 1953 758 2008 erat
775 1937 888 2009 servis
900 1939 1028 2031 Ingole

45 2039 97 2126 vi,
127 2061 224 2131 quos
253 2037 488 2112 occidentem
511 2059 638 2106 versus
664 2037 875 2113 secundum
896 2039 1028 2108 littere

44 2141 165 2230 misit,
189 2154 233 2210 ut
247 2139 342 2210 sedis
357 2138 545 2232 primariae
570 2141 765 2210 columnas
795 2155 1025 2232 quaererent3

46 2243 128 2328 qui,
157 2241 204 2310 ad
232 2239 592 2326 Hjbrleivshbidium
618 2240 902 2336 pervenientes,
939 2261 1028 2309 cum

44 2342 282 2428 Hjbrleivurn
298 2355 473 2411 necatum
495 2339 727 2428 invenirent,
760 2339 899 2408 reversi
927 2339 1026 2406 banc

45 2464 126 2510 rem
143 2443 301 2534 Ingelvo
318 2442 550 2510 nuntiarunt.
585 2439 662 2508 ille
682 2439 822 2509 caedem
842 2437 1025 2526 Hibrleivi

47 2565 142 2636 aegre
170 2543 311 2630 ferens,
343 2540 581 2612 occidentem
600 2561 734 2608 ¹versus
756 2539 802 2608 ad
833 2539 1025 2627 Herjolvs·

45 2643 216 2714 hbfdium
230 2640 499 2734 proiectusesn
513 2663 600 2710 curn
610 2663 697 2710 vero
708 2638 948 2728 Hjbrleivum
963 2633 1025 2706 en·

47 2743 227 2814 stinctum
242 2742 405 2830 videret,
423 2741 524 2812 iniit:
542 2739 695 2834 indigne
720 2739 809 2810 forti
834 2739 916 2809 viro
931 2759 1030 2823 sors,2

47 2866 157 2932 quem
168 2843 265 2911 servi
274 2843 358 2912 neci
369 2843 514 2931 darem,
525 2843 654 2931 sicque
668 2843 857 2932 plerisque
872 2841 1028 2908 evenire

46 2943 164 3033 video,
181 2945 246 3034 qui
260 2942 346 3012 deos
358 2945 481 3014 colere
497 2943 643 3012 nolunt.
669 2942 848 3036 ingelvus
861 2939 1024 3029 Hjbrlei·

45 3065 132 3112 vum
156 3067 198 3112 ac
215 3044 334 3114 socios
351 3039 495 3134 sepiliri
511 3042 619 3130 iecit,
642 3043 806 3134 navique
826 3063 960 3114 eorum
982 3055 1024 3110 et

47 3145 176 3233 opibus
187 3145 386 3236 prospexit.
414 3143 563 3215 Deinde
575 3143 880 3234 promuntorium
897 3161 1021 3213 ascen-

47 3242 156 3332 dens,
189 3268 276 3314 cunr
291 3245 429 3318 insulas
447 3244 655 3318 titanorum
670 3267 796 3314 versus
819 3242 858 3310 in
877 3261 1018 3310 oceano

47 3343 375 3433 animadverteret,
407 3344 575 3417 enimurn
600 3343 721 3431 subit,
758 3368 801 3415 eo
831 3365 955 3414 servos
979 3365 1020 3410 se

45 3445 238 3536 recepisse,
263 3446 437 3535 scapham
454 3444 554 3542 enim
573 3445 698 3513 abesse
717 3445 842 3518 sensit.
894 3442 1018 3538 ingol-

46 3565 108 3612 vus
135 3569 222 3614 curn
250 3546 358 3614 sociis
382 3547 422 3614 in
447 3545 583 3614 insulas
612 3545 783 3633 trajecit,
815 3565 1020 3632 servosque

47 3642 146 3728 lecu,
172 3647 236 3736 qui
270 3646 661 3735 Eidem-(istlrmus)¹‚
696 3646 852 3730 dicitur,
886 3644 1018 3732 depre-

46 3741 182 3815 hendit.
210 3746 501 3816 Servisedebent
515 3744 644 3814 cibum
657 3743 1017 3835 eumentes,quendo

46 3843 217 3939 ingelvus
240 3846 285 3914 iis
311 3845 618 3937 superveniebat,
652 3845 859 3936 statimque
880 3867 1016 3935 pavore

48 3947 225 4037 correpti,
264 3947 399 4016 diversi
431 3947 694 4040 diffugiebant3
726 3971 817 4040 quos
842 3946 1018 4040 Ingolvus

49 4067 175 4114 omnes
202 4049 410 4131 interiecit,
442 4071 526 4138 pers
551 4047 666 4116 ermis
689 4061 953 4144 necate,pars
969 4065 1016 4112 ex

86 4177 114 4241 Ι)
133 4157 326 4230 Tlroelseblem
340 4177 460 4244 (istinnus
475 4181 621 4246 servorum)
630 4215 637 4242 ‚
655 4177 689 4230 C.
