2534 4778
244 381 249 394 .
283 274 376 362 218
565 283 846 348 βε
1094 287 1138 350 .c.
1161 284 1221 352 93.

220 502 274 570 its
290 501 478 570 allocutus
498 505 573 564 est:
591 491 661 562 hac
685 504 813 562 testate
831 493 1070 568 occidentem
1086 519 1225 567 versus

220 602 459 682 Βιὼίἰιιιιιιι,
494 595 553 666 uti
577 594 655 681 iam
687 594 813 666 solent
844 596 980 683 multi,
1023 599 1226 670 mercandi

218 725 333 774 cause
358 695 624 809 proficiscitur,
659 716 701 762 re
724 708 856 768 autem
883 719 971 768 vere
1003 701 1221 790 explorato,

220 805 291 906 qui
305 801 355 872 sit
371 803 437 871 ille
453 799 530 888 vir,
553 819 621 890 qut
609 793 720 864 “ibi
709 817 752 864 ιιι
776 799 888 870 terris
911 798 1082 870 occiduis
1115 801 1222 870 voci·

220 917 328 974 tetur
344 904 452 980 Olius
469 900 663 972 Gordicus
718 898 872 991 Quod
843 922 875 968 st
897 913 1001 970 certo
1031 925 1222 999 cognove-

221 1007 295 1094 ris,
329 1005 434 1074 hunc
458 1024 538 1074 esse
567 1000 729 1072 olavum
751 1001 932 1095 Tryggrii
962 1002 1110 1091 filium,
1138 1003 1221 1073 sive

218 1108 341 1178 olium
357 1126 589 1196 quemquam
608 1122 628 1170 e
645 1100 819 1192 prosapia
824 1125 978 1218 ..regum
984 1104 1221 1197 Norvegioo-

219 1228 312 1278 rum
338 1204 566 1291 oriundum,
598 1215 643 1274 tu
665 1224 777 1291 eum,
802 1203 835 1272 si
858 1204 1021 1294 poteris,
1045 1203 1219 1278 Thorer!

189 1307 355 1412 fraude
373 1305 498 1399 alique
514 1305 830 1394 circumventum,
846 1320 913 1376 aut
928 1303 1038 1374 huc
1027 1328 1069 1376 ιιι
1089 1329 1220 1376 meam

222 1413 452 1502 potestatem
466 1403 656 1495 deducito,
674 1416 746 1474 aut
760 1404 842 1495 ipse
863 1405 1085 1477 interficite.
1131 1410 1219 1478 Hoc

222 1510 430 1604 pollicetur
455 1508 623 1581 Thorer..
672 1505 822 1578 Deinde
852 1506 1000 1578 Jostein
1022 1522 1062 1577 et
1091 1509 1217 1578 Karis-

222 1609 343 1682 hofud
361 1608 409 1678 ed
425 1607 663 1700 colloquium
680 1629 771 1676 cum
789 1606 947 1699 dynasta
963 1608 1089 1678 vocati
1106 1621 1215 1678 *sunt

224 1717 327 1786 Tum
344 1710 518 1804 dynasta:
555 1731 641 1799 vos,
678 1707 823 1799 inquit,
860 1708 1102 1780 occidentem
1132 1733 1215 1778 ver·

221 1837 285 1883 sur
305 1826 519 1882 transmare
535 1811 640 1880 hunc
658 1807 783 1880 virum
799 1809 1010 1882 Thorerem
1032 1811 1217 1884 Klakkam

222 1912 479 2004 sequiminor,
506 1910 721 1982 densissimo
745 1923 857 1982 antee
883 1912 1049 2002 prestito
1071 1913 1219 2001 jureju-

221 2016 356 2104 rando,
381 2037 445 2084 vos
462 2013 611 2102 omnia,
624 2035 723 2102 .quae
743 2012 903 2082 molitus
916 2011 1035 2082 inerit
1047 2014 1213 2100 Thorer,

224 2116 439 2202 adjuturos,
464 2115 496 2183 si
516 2115 679 2183 Olsvum
695 2113 879 2206 Tryggvii
891 2114 1016 2184 filium
1043 2113 1216 2184 offende-

223 2216 332 2300 ritis3
363 2213 492 2284 onmia
515 2214 688 2303 iusuper,
720 2236 804 2304 que
831 2214 1034 2284 asseruerit
1050 2215 1216 2303 Thorer‚

225 2317 530 2405 confirmaturos,
556 2315 741 2405 nulloque
762 2327 873 2404 pacto
893 2316 1057 2387 Olavum
1076 2315 1215 2386 certio-

224 2439 307 2488 rem
325 2419 509 2504 facturos,
533 2437 799 2507 quamcunque
815 2414 989 2486 fraudem
1010 2417 1046 2486 ei
1064 2427 1215 2486 struxe-

224 2518 276 2589 rit
295 2520 463 2605 Thorer,
489 2517 712 2608 priusquam
735 2516 873 2586 hucin
887 2517 1113 2613 Norvegiam
1145 2517 1217 2586 de-

227 2617 342 2687 ducto
369 2619 487 2688 Olavo
524 2619 787 2686 continentem
811 2617 971 2709 pedibus
995 2619 1215 2716 attigeritis:

226 2736 312 2789 tum
331 2720 435 2788 enim
451 2719 613 2808 curabo,
636 2732 681 2787 ιιι
694 2717 750 2786 nil
766 2733 921 2809 noceat,
956 2719 989 2788 si
1021 2719 1057 2788 ei
1085 2733 1216 2790 nostra

226 2819 382 2892 consilia
400 2819 588 2911 aperietis.
642 2822 736 2890 Eam
749 2841 836 2889 vero
857 2821 905 2890 ob
923 2842 1074 2890 causam
1089 2820 1215 2913 magis

227 2923 352 3009 vobis,
377 2944 490 3013 quarn
507 2922 600 3010 eliis,
615 2919 689 2988 hoc
702 2920 901 3013 negotium
918 2920 1094 3015 iniungo,
1111 2921 1216 3012 quod

229 3023 368 3092 Olavus
391 3025 575 3112 majorem
593 3021 713 3090 iidem
737 3021 890 3090 habebit
924 3022 1033 3092 dictis
1065 3021 1213 3110 vestris,

228 3122 596 3220 consanguineorum
617 3143 791 3210 suorum,
820 3147 937 3212 quam
955 3125 1140 3213 aliorum,
1168 3123 1212 3192 si·

228 3223 268 3292 bi
286 3225 392 3292 nulla
402 3223 677 3294 necessitudine
690 3225 928 3310 junctorum
943 3225 1091 3312 deiude,
1108 3224 1213 3315 quod

227 3323 301 3391 viri
323 3337 405 3393 tam
433 3338 595 3413 expertae
617 3324 707 3392 fidei
721 3324 832 3411 estis,
868 3340 912 3394 ut
933 3327 1212 3414 jusjurandum,

230 3424 331 3516 quod
354 3425 451 3494 mihi
480 3440 593 3517 atque
619 3425 870 3516 principibus,
901 3426 968 3515 qui
986 3428 1062 3496 huc
1077 3449 1214 3496 conve

230 3547 341 3613 nere,
383 3526 658 3616 praestiteritis,
688 3550 766 3596 non
785 3527 1069 3596 sitis-violaturi.
1124 3532 1213 3598 Am·

228 3627 419 3695 bofratres
435 3649 512 3696 uno
532 3651 596 3697 ore
611 3627 908 3720 responderunt:
927 3651 1124 3720 nunquam
1135 3643 1213 3696 tam

230 3726 418 3815 nefarium
436 3727 580 3798 facinus
595 3731 851 3820 admittemus,
877 3743 921 3799 ιιι
936 3731 1029 3800 adeo
1046 3729 1213 3820 turpiter

186 3910 187 3918 ἵ
232 3825 463 3916 decipiamus
479 3831 802 3926 consanguineum
825 3845 1008 3900 nostrum.
1063 3829 1213 3924 Quibus

233 3928 406 4021 dynasta:
439 3941 541 4016 turn,
575 3931 722 4020 inquit,
756 3932 830 4000 alia
853 3933 958 4002 adest
978 3931 1161 4020 conditio,
1183 3929 1213 4000 si

231 4030 328 4098 hauc
345 4030 543 4116 recusatis,
570 4045 614 4097 ut
631 4033 672 4100 in
688 4031 772 4124 ipso
784 4033 855 4101 hoc
871 4050 1062 4105 conventu
1079 4033 1211 4101 crude·

232 4132 331 4202 libus
357 4132 556 4201 tormentis
582 4132 629 4204 ed
651 4155 788 4206 necem
817 4157 938 4227 usque
972 4133 1233 4224 cruciemini²¹
