2534 4778
82 315 118 375 c.
141 313 196 379 ssi
450 311 720 372 Ξ
924 267 1009 420 181

78 525 126 592 ab
168 531 356 592 extrema!
397 518 483 588 nevi
519 520 654 609 conjici
687 519 815 607 jussit3
858 520 993 592 deinde
1026 522 1073 592 ad

77 621 363 720 regemimisit,
387 622 627 714 .Sigveldium
658 621 749 691 adeo
770 623 937 714 graviter·
956 643 1073 717 oegro-

76 739 179 812 τετε,
195 737 250 793 ut
271 721 386 792 morti
410 722 487 808 jam
509 725 558 791 sit
579 721 792 814 proximus:
837 724 933 793 illud
957 725 1073 793 etiem

78 825 241 912 referte,
263 817 408 912 inquit,
435 845 497 891 me
519 824 845 912 eumtobsecrere,
872 838 917 893 ut
941 824 988 893 ed
1010 847 1073 893 me

79 927 209 1016 veniet
218 959 232 1014 ,·
253 925 298 992 ab
318 931 363 992 eo
380 922 482 992 enim
505 945 665 1018 regnum
682 938 720 992 et
738 925 851 992 vitem
878 925 959 1014 ejus
981 947 1074 1016 pen·

81 1027 194 1113 dere,
224 1025 352 1115 quod„
373 1030 594 1113 ensequeml
608 1025 768 1111 moriar,
792 1025 1072 1095 conveniamus.

79 1127 263 1200 Missieb
296 1123 483 1217 Sigvaldio
517 1123 703 1214 oppidum
721 1123 891 1216 oderint,
916 1123 1075 1221 regique

81 1227 243 1313 omnia,.
265 1225 658 1314 ut'rnandateerent,
690 1225 872 1295 referunt.
925 1227 1076 1294 Interea

80 1325 392 1420 veroSigraldius
407 1325 496 1414 suis,
515 1327 581 1417 qui
593 1327 635 1394 in
645 1326 803 1398 navibus
822 1339 942 1418 erent,
959 1326 1075 1396 comi-

79 1429 183 1496 tibus
200 1425 442 1515 monstravit,
466 1428 556 1517 quid
572 1426 789 1496 faciendum
813 1441 928 1513 esset,
953 1427 985 1496 si
1007 1449 1075 1495 rex

81 1529 203 1602 adens
213 1528 438 1618 perveniret,
448 1541 492 1596 ut
502 1527 655 1611 scilicet,
665 1549 753 1598 eum
764 1549 829 1596 rex
844 1525 1075 1620 cumtrigin-

41 1695 43 1700 .
82 1645 120 1700 ta
147 1629 237 1698 viris
259 1635 525 1696 navem'terr'ae
543 1629 755 1718 proximem
785 1627 1075 1716 conscendisset,
1132 1625 1137 1634 '

82 1745 254 1822 pontem,
267 1730 473 1818 quinarem
483 1720 574 1796 curn
580 1741 677 1795 terra
687 1727 874 1820 jungeret,
884 1731 1076 1814 tollerent;

83 1854 126 1900 ur
148 1845 277 1900 eutem
301 1829 340 1896 in
360 1851 497 1897 navem
523 1827 689 1896 mediam
718 1849 807 1896 cum
831 1829 967 1922 viginti
989 1851 1076 1898 suo-

83 1929 371 2016 rum1venisset,
397 1945 574 2018 pontem,
611 1927 676 2019 qui
700 1928 803 1996 inter·
824 1951 937 1998 naves
962 1941 1075 2018 esset,

83 2033 307 2120 abjicerenn
331 2047 402 2119 ego
420 2051 524 2115 vero,
551 2027 678 2118 inquit
694 2027 926 2120 Sigvaldius‚
951 2027 992 2098 in
1014 2051 1077 2097 ex·

82 2149 208 2202 treme.
224 2129 310 2200 navi
328 2129 569 2212 decumbam
592 2130 655 2198 hic
686 2149 780 2219 pons
796 2131 987 2198 tollendus
1006 2141 1075 2218 est,

84 2235 147 2302 ubi
165 2255 255 2301 curn
268 2231 405 2300 'decem
431 2231 517 2298 viris
533 2229 617 2298 huc
640 2230 840 2322 pervenitt
874 2229 962 2299 dein
985 2251 1075 2298 vero

84 2357 146 2422 ea,
176 2356 259 2422 quse
276 2331 521 2400 mandaturus
535 2352 639 2418 sum,
671 2329 921 2420 exequemini.
978 2331 1078 2398 Cum

83 2457 149 2504 rex
167 2433 279 2503 Svein
294 2430 445 2522 erudiret
460 2431 653 2522 dynastam
669 2431 765 2500 adeo
780 2436 942 2525 graviter
958 2449 1076 2521 aegro·

83 2550 184 2622 tere,
209 2547 328 2622 etque
348 2531 474 2602 omnis
490 2531 572 2599 haec
585 2531 764 2600 mandate
779 2531 827 2602 ed
848 2553 937 2599 eum
952 2530 1078 2599 deleta

84 2647 236 2722 essent‚¹
251 2631 349 2702 nihil
370 2643 554 2720 moratus,
578 2650 666 2702 cum
690 2633 808 2724 copiis
824 2631 870 2699 ed
897 2630 988 2699 litus
1014 2630 1077 2698 de·

85 2735 250 2812 scendiu
285 2733 412 2802 omnia
440 2737 551 2822 ve'ro,
586 2732 906 2823 quemadmodum
936 2753 1077 2822 proece-

83 2851 193 2928 peret
210 2833 440 2928 Sigveldius‚
466 2847 619 2923 peracta
646 2849 744 2903 sunt.
797 2837 850 2903 Ut
860 2845 994 2900 'autern
1010 2852 1078 2901 rex

83 2937 197 3007 Svein
219 2935 264 3004 ¹in
290 2948 500 3024 extremam
526 2933 652 3002 navim
667 2934 863 3024 pervenit,
890 2931 1075 3021 quaesivit,

82 3035 167 3108 ubi'
187 3035 363 3130 dynasta.
385 3033 648 3114 decumberem
699 3034 861 3123 occipit,
904 3055 994 3100 eum
1033 3030 1078 3098 in

83 3140 182 3208 celsa
197 3137 320 3227 puppi
342 3134 581 3204 decumbere.
624 3133 738 3202 Celsae
758 3133 879 3225 puppi
902 3134 1078 3201 velamen

82 3237 400 3328 superinductum
423 3247 524 3320 erat3
563 3257 608 3304 eo
642 3235 812 3327 graditur
839 3256 926 3320 res,
963 3247 1078 3321 etque

83 3341 233 3408 sublato
252 3340 437 3406 velamine
452 3337 605 3426 quaerit,
631 3359 680 3403 an
701 3335 806 3426 loqui
829 3335 954 3425 possit.
1007 3333 1077 3402 llle

83 3438 289 3528 respondet
313 3460 403 3506 voce
437 3437 685 3526 depressiore,
719 3436 868 3524 dicens,
901 3455 1078 3523 seposse

85 3539 246 3630 quidem
256 3537 375 3628 loqui,
393 3537 489 3604 vires
505 3559 592 3604 vero
608 3557 792 3626 perquem
804 3534 1075 3604 esseinfirmes.

83 3645 296 3730 Tumsrex:
314 3636 687 3728 ‘quaenampmquin
710 3653 767 3704 res
787 3649 897 3720 sunt,
926 3637 972 3702 de
996 3632 1075 3725 qui·

82 3741 226 3809 busird.
246 3763 307 3808 me
323 3738 467 3825 misisti,
486 3735 555 3804 has
571 3737 675 3822 scire,
690 3759 774 3804 mee
799 3737 996 3827 permagni
1020 3737 1078 3802 in·

83 3839 249 3910 teresse?
301 3840 371 3907 lile
392 3837 610 3928 respondet:
644 3850 683 3904 te
713 3836 854 3904 adme
881 3837 1000 3928 magis
1020 3837 1076 3904 in·
1130 3837 1135 3846 '

85 3943 201 4030 cline,
225 3953 270 4010 ut
289 3940 502 4034 intelligere
519 3940 660 4028 possis.
697 3960 779 4028 quse
805 3939 958 4028 loquar,
985 3957 1076 4002 voce

86 4043 186 4112 enim
222 4040 462 4112 submissiore
486 4062 583 4110 sum.
647 4041 750 4113 Tum
772 4041 841 4110 'rex
863 4061 902 4108 se
926 4035 1076 4128 penitus

123 4176 151 4242 ⁴)
172 4175 312 4244 proxima,
332 4171 363 4226 B·
