2534 4778
64 295 176 360 otor.
420 293 703 356 ιε’
886 282 986 372 239·

63 527 179 600 passe,
205 503 608 600 maximequeputare,
634 502 831 597 dynastam
858 509 903 580 ad
927 525 1067 581 naves.¹¹

64 631 141 677 suas
167 629 206 676 se
230 607 458 694 contulisse,
476 604 618 696 *quibus
641 619 724 676 tum
738 615 1039 698 praeeratErlen-

65 711 140 796 dus,
166 707 269 778 filius
293 707 467 799 dynasta,
491 703 641 795 optime
663 708 910 798 speijuvenis.
964 719 1039 805 Ap-

63 823 214 901 peteute
237 822 367 892 nocte,
391 829 478 876 suos
501 807 545 874 ab
570 827 608 874 se
632 803 785 900 dynasta
809 813 958 902 dimisit,
982 817 1039 902 ju·
1120 895 1123 906 Ι

64 914 162 997 bens,
189 923 234 980 ut
260 931 328 1001 per
353 908 544 999 sylvestria
568 906 613 974 ad
629 909 858 982 Orkadalum
881 913 1051 984 conten-v

65 1012 166 1080 dant:
196 1033 309 1080 nemo
333 1011 455 1096 mrim,
482 1007 626 1098 inquit,
651 1013 742 1080 mali
757 1014 1040 1106 quidquamvo·

63 1115 115 1182 bis
136 1112 268 1199 faciet,
296 1111 328 1178 si
348 1112 476 1179 nullus
502 1109 637 1192 aderot
661 1110 740 1180 filio
766 1137 853 1184 meo
876 1118 1039 1188 Erlendo

66 1215 192 1298 dicite,
228 1227 272 1280 ut
304 1213 461 1281 classem
483 1223 649 1280 nostram
673 1235 721 1280 ex
748 1213 833 1284 sinu
864 1217 1037 1305 deducat,

66 1313 271 1404 deindeque
284 1329 456 1382 austrum
469 1333 599 1380 versus
614 1311 659 1378 ad
676 1315 847 1386 Maeriam
862 1319 938 1386 mei
953 1340 1041 1386 con-

64 1414 235 1485 veniendi
259 1435 370 1483 causa
393 1412 614 1494 contendam
641 1435 685 1480 eo
712 1413 815 1484 enim
829 1441 890 1487 me
915 1421 1043 1486 conle-

64 1541 156 1604 ram,
198 1514 351 1604 dilapsis
376 1512 552 1586 nonnihil
577 1513 728 1582 rusticis
760 1518 899 1608 copiis3
929 1519 1054 1587 facile·

24 1661 28 1674 ·
64 1639 144 1685 vero
159 1617 201 1684 in
226 1615 446 1706 propinquis
475 1613 626 1682 latebris
653 1613 872 1686 delitescere
893 1630 1040 1710 potero,

65 1718 150 1788 dum
168 1741 230 1786 me
241 1719 427 1784 'acerrime
448 1717 679 1806 conquirunt
694 1716 896 1809 copiasque
918 1723 1041 1788 conti·

63 1833 161 1886 nent.
216 1822 318 1888 Tum
332 1818 468 1884 milites
486 1818 650 1907 dynastae
673 1815 945 1906 discesserunt,
971 1821 1046 1889 alii

63 1920 105 1987 ad
125 1941 235 1988 naves
259 1918 305 1986 ad
329 1915 553 2002 Erleudum,
578 1918 653 2002 alii,
687 1918 825 2006 quibus
854 1922 1039 1990 villicatio

64 2033 158 2107 erat,
187 2040 251 2086 rus
275 2019 392 2086 ibant.
454 2018 649 2086 Remansit
669 2017 828 2108 dynasta
854 2035 891 2090 et
913 2045 1042 2090 servus

65 2123 152 2203 ejus,
167 2111 231 2188 cni
247 2143 387 2186 nomen
404 2118 645 2190 Thermodus
656 2119 810 2208 Karkus,
836 2123 900 2211 qui
913 2145 1052 2190 servus*

61 2219 228 2304 Hakoni,
259 2219 299 2288 in
327 2219 459 2308 primu
491 2219 711 2290 dentitionis
747 2223 1041 2311 monimentum,

61 2324 134 2410 jam
151 2320 272 2393 infans
290 2319 397 2389 datus
408 2319 548 2402 fuerat,
567 2336 674 2390 eraut
689 2324 791 2392 enim
807 2336 1041 2414 aetatepares.

61 2424 109 2495 Hi
131 2420 267 2492 deinde
283 2421 444 2489 latebras
463 2419 665 2511 quaesiturn
683 2421 809 2504 ibant,
836 2425 966 2514 equite
978 2425 1044 2516 dy-

62 2539 174 2604 nasta,
199 2523 321 2590 Karko
341 2521 478 2612 pedite.
504 2519 683 2614 Quicum
703 2524 750 2594 ad
761 2545 923 2611 amnem,
943 2526 1044 2595 Gau·
1137 2529 1140 2545 '

62 2629 135 2696 lam
151 2623 331 2710 (Gdjlam)
350 2623 515 2709 dictum,
540 2622 662 2717 glacie
683 2641 883 2715 aperturas
905 2625 1045 2716 passim

61 2728 219 2795 habente
237 2725 750 2814 concretum,pervenissent,
771 2726 925 2816 dynasta
941 2746 1043 2814 equo

62 2823 272 2909 descendit,
300 2845 441 2916 equum
456 2823 497 2890 in
514 2841 729 2914 aperturam
752 2825 939 2916 quandam
966 2828 1044 2920 gla-
1078 2847 1080 2852 ·

62 2927 131 3000 ciei
147 2923 327 3010 detrudit,
350 2924 492 2994 ibidem
505 2925 712 2996 amiculum
728 2925 1048 3015 suumrelinquit,

60 3053 106 3096 ne
125 3025 279 3095 omnino
297 3025 435 3094 deferri
461 3042 605 3114 posset,
644 3029 687 3097 ad
719 3025 952 3117 crepidinem
969 3029 1045 3122 gla-

62 3129 131 3198 ciei
151 3125 318 3194 affixum.
372 3126 522 3196 Deinde
541 3127 586 3194 ad
607 3143 769 3216 antrum,
798 3142 927 3216 postea
936 3127 1046 3196 Jarls·

60 3227 563 3326 hellim(antrumdynastae)
575 3228 732 3315 dictum,
747 3227 1020 3320 pertenderunt
1034 3251 1047 3311 3

60 3331 122 3398 hic
144 3327 387 3416 'aliquamdiu
413 3328 673 3396 recubuerunt
697 3345 735 3396 et
769 3329 1043 3397 dormiverunt.

62 3431 160 3498 Cum
175 3428 385 3517 experrecti
394 3443 672 3517 somnoessent,
689 3429 926 3498 servusinsit:
943 3449 1047 3496 nuno

61 3529 264 3614 somniavi,
293 3526 461 3598 domine!
489 3531 682 3617 Dynastae,
700 3530 793 3622 quid
813 3533 1044 3614 somniasset,

61 3631 329 3724 interroganti:
355 3631 424 3697 visi
446 3626 543 3695 mihi
559 3651 712 3715 sumus,
737 3630 889 3721 inquit,¹
905 3629 990 3696 heic
1004 3629 1047 3698 in

61 3747 165 3802 antro
176 3731 386 3816 constituti3
413 3727 489 3799 vidi
507 3726 704 3799 hominem
725 3753 862 3822 magna
886 3743 1044 3818 statura,

59 3833 167 3927 nigro
182 3845 368 3922 torvoque
384 3835 504 3918 vultu,
530 3831 577 3899 ad
591 3847 744 3902 antrum
757 3831 1047 3912 succedentem

59 3932 332 4020 metuentibus,
358 3955 406 4002 ne
429 3946 544 4004 antro
564 3925 723 4023 subiret,
749 3934 847 4002 visus
873 3932 970 3999 mihi
989 3943 1049 3996 est

61 4049 149 4101 ante
184 4034 458 4104 ostiumtantri
497 4029 725 4122 consistere,
775 4032 890 4124 atque
915 4030 1044 4122 loquis

58 4155 159 4202 nunc
170 4135 295 4204 Ullius
304 4148 475 4204 mortuus
493 4148 570 4220 est3
587 4137 722 4206 deinde
735 4135 826 4206 abiit
837 4131 1047 4202 etadmon-
