2534 4778
78 317 116 376 0-
142 283 195 386 a·
431 317 702 362 --·
909 309 1000 398 233

77 553 193 618 vum,
233 543 277 600 ut
298 521 498 598 Mestrium
518 525 741 624 attigerant,
786 531 954 622 monuit,
975 535 1063 607 -hoc
1110 555 1114 564 ·

75 654 206 700 unum
221 631 293 722 ipsi
309 626 409 694 factu
427 628 614 717 optimum
634 651 730 717 esse,
761 644 820 718 ut,
854 634 936 724 quis
954 653 1061 725 esset,

74 756 128 802 ne
147 735 333 822 aperiret,
367 742 405 796 et
423 751 538 817 quarn
556 727 735 800 citissime
751 737 1062 822 septemtrionem

74 855 208 902 versus
235 835 276 902 in
297 828 628 903 Thrandheimum
649 832 695 900 ad
719 834 920 904 Hakonem
946 837 1061 931 dyna-

75 947 178 1002 stam
195 955 234 1001 se
255 930 462 1021 conferret,
485 953 535 998 ne
553 953 626 1021 que
645 932 690 1002 de
710 934 874 1004 adventu
896 937 978 1026 ejus
1008 939 1061 1008 fa-

74 1057 139 1102 ma
153 1044 413 1124 praecurreret.
473 1033 557 1104 Hoc
587 1029 790 1104 consilium
805 1037 887 1128 regi
912 1052 949 1106 et
966 1041 1060 1108 utile

75 1149 116 1202 et
132 1135 300 1224 prudens
319 1131 441 1202 visum
457 1147 527 1220 est,
554 1155 668 1222 quare
687 1133 740 1202 sic
753 1135 861 1223 fecit,
888 1153 931 1206 ut
944 1153 1060 1208 noctu

74 1235 326 1326 interdiuque
359 1255 447 1304 non*
468 1234 686 1304 intermisso
717 1234 874 1324 itinere,
905 1239 1060 1309 boream

73 1353 206 1406 versus
231 1333 442 1406 secundum
465 1347 605 1404 terram
630 1356 699 1423 per
724 1339 908 1406 exteriora
933 1342 1059 1427 maris,

74 1462 150 1528 qua
178 1451 314 1530 ventus
338 1435 502 1519 ferebat,
538 1445 690 1504 cursum
714 1439 976 1528 contenderet,
1012 1441 1060 1510 ad

75 1537 342 1608 continentem
364 1547 507 1605 terram
523 1540 954 1628 nusquamappelleret,
980 1541 1057 1629 sed,

72 1640 196 1708 ventis
212 1638 388 1723 adversis,
399 1636 449 1706 ed
465 1635 606 1708 insulas
623 1637 825 1708 exteriores
843 1642 1057 1712 excubaret.

72 1739 168 1808 Ideo
189 1763 277 1808 vero
299 1735 601 1811 ThurerKlakka
620 1738 696 1808 hoc
718 1738 866 1811 consilii
893 1741 1057 1829 dederat,

72 1839 178 1930 quod
201 1841 306 1908 norit
331 1837 532 1932 ingenium
556 1839 690 1930 populi
713 1860 898 1909 noverum
927 1865 1058 1912 rerum

70 1941 304 2032 plerumque
321 1938 466 2030 cupidi,
498 1951 537 2007 et
557 1941 678 2008 altera·
697 1963 742 2008 ex
771 1954 898 2030 parte,
940 1965 1058 2033 quan-

70 2057 152 2110 tam
177 2041 219 2110 in
245 2039 430 2132 Norvegia
454 2039 593 2108 famam
618 2041 830 2110 multorum
855 2041 1057 2112 hominum

69 2142 257 2210 relatione
275 2143 414 2210 Olavus
430 2140 612 2230 Tryggvii
626 2141 731 2210 silius.
753 2141 912 2231 adeptus
938 2153 1059 2225 esset}

71 2265 189 2332 quem
204 2239 312 2309 siros
328 2239 446 2330 ampli
467 2240 616 2334 cognati
633 2253 670 2308 et
685 2241 832 2329 affines,
860 2259 952 2333 quot
971 2243 1056 2312 Ola-

69 2366 142 2411 vus
166 2340 406 2431 inprimisin
427 2343 541 2433 regni
562 2355 669 2431 parte
700 2342 876 2410 orientali
910 2343 1053 2430 habuit,

69 2444 286 2534 principem
322 2441 565 2528 creavissent,
610 2440 714 2531 quod
744 2455 845 2509 certe
880 2440 1056 2513 futurum

70 2558 164 2631 erat,
183 2543 218 2610 si
241 2565 329 2610 eum
343 2543 476 2631 ‘patriae
492 2541 683 2610 redditum
702 2541 976 2633 cognovissent,
996 2544 1053 2612 iu-

69 2644 221 2714 tellexit
236 2644 328 2729 iore,
356 2657 399 2712 ut
417 2643 613 2712 universus
628 2641 783 2714 adeum
799 2645 964 2732 populus
981 2658 1053 2714 sta-

69 2748 144 2814 tiru
165 2745 388 2832 conflueret,
404 2744 635 2830 eumsolum
655 2763 725 2832 pro
738 2765 826 2839 rege
844 2743 1051 2833 habiturus,

56 2843 1049 2935 .ejusquesoliusauctoritatemopibussublevaturus.

71 2949 171 3015 Cum
191 2967 284 3016 ‘nero
307 2967 454 3014 summa
479 2958 574 3013 esset
597 2943 764 3013 Haliouis
796 2945 1052 3036 dynastaaxper

70 3067 272 3116 commune
291 3044 558 3117 Thrandorum
574 3042 773 3121 aucteritas
801 3059 839 3111 et
866 3045 1049 3134 potentia,

59 3150 166 3216 sires
183 3149 282 3232 ejus,
311 3146 384 3239 qui
395 3155 546 3216 tantum
570 3143 767 3234 prudentia
795 3160 831 3212 et
855 3147 1051 3234 copiarum

68 3249 205 3338 opibus
224 3247 377 3332 valeret,
393 3246 551 3314 minime
566 3253 740 3334 sup-erare
759 3243 906 3317 Thorer
926 3246 1050 3314 existi-

66 3349 205 3435 mavit,
231 3346 391 3416 Olavum
422 3345 597 3414 emedio
621 3344 777 3430 tollere,
812 3345 853 3418 in
883 3346 1050 3414 boreales
1140 3335 1149 3348 ⁸

67 3449 177 3545 regni
189 3462 311 3538 partes
331 3447 518 3533 delatum,
545 3469 671 3535 neque
685 3445 911 3534 majoribus,
935 3469 1049 3535 quam

66 3565 151 3618 tum
166 3548 338 3635 habebat,
360 3546 475 3636 copiis
495 3545 690 3634 stipatum,
710 3545 740 3614 si
748 3546 819 3636 ipsi
834 3546 1048 3615 antefacul-

65 3665 124 3718 tas
142 3673 220 3718 non
237 3649 336 3718 foret
355 3649 516 3732 Olavum
533 3646 793 3734 interficiendi,
814 3645 1048 3735 quodconsi-

65 3752 165 3821 lium
173 3751 254 3838 ipse
265 3771 306 3818 ac
318 3749 473 3840 dynasta
489 3747 662 3832 inierant,
683 3759 887 3837 antequam
897 3747 1047 3818 Thorer

67 3847 664 3943 eNorvegiaproximeprofectus
675 3863 779 3918 esset.
805 3853 888 3920 Jam
903 3846 1047 3938 sinper-

60 3965 296 4036 ·severarunt‚
323 3965 366 4020 ut
379 3950 518 4020 incolas
534 3950 708 4035 laterent,
724 3969 843 4039 usque
858 3970 906 4016 eo
926 3949 1046 4018 donec
1149 3979 1152 3988 ·

68 4053 145 4121 diei
155 4052 353 4138 ‘cujusdam
369 4074 524 4140 vespere
535 4048 966 4142 Agdanesunrsubirent‚
980 4049 1045 4116 ubi

64 4176 178 4224 naves
193 4155 234 4222 in
250 4165 404 4242 portum
415 4154 691 4226 constituerant
709 4163 749 4222 et
760 4148 1046 4221 vtentoriiscon-
