2554 4778
260 295 352 393 288
545 307 871 398 ''¹¹¹¹''.
1053 309 1207 392 utet

202 527 332 601 andire
346 524 598 619 puerulorum
617 515 712 587 aest'u
728 514 984 593 clamantium.
1022 524 1196 616 sequen.

201 629 234 699 ti
259 649 370 700 mane
392 625 546 697 Kodran
568 620 647 690 lilio
672 617 918 714 interroganti
934 624 1002 694 has
1018 647 1078 692 res
1103 647 1195 714 ape·

202 729 295 814 ruit3
327 749 402 819 qua
419 747 460 794 re
475 727 583 793 laetus
595 717 845 810 Thorvaldus,
864 722 1086 816 episcopum
1100 725 1195 792 hor-

201 843 302 898 tatus
315 843 391 915 est,
423 839 467 894 ut
488 824 530 892 in
551 844 591 890 re
608 819 758 908 incepta
776 819 1045 912 perseveraret.
1100 824 1194 916 Epi·

201 949 338 1020 scopus
363 949 451 995 cum
478 923 554 993 suis
584 915 632 990 ad
654 941 785 990 saxum
806 922 1011 1012 accedens,
1044 923 1193 1012 omnia,

203 1051 287 1120 quae
311 1026 430 1118 priori
458 1024 528 1108 die,
545 1018 714 1113 peregit,
739 1020 930 1113 deumque
950 1024 1194 1115 omnipoten-

201 1143 281 1197 tem
295 1127 465 1216 impense
487 1122 619 1208 oravit,
652 1133 708 1207 ut,
724 1119 893 1192 demone
914 1125 1037 1214 pulso,
1064 1122 1194 1193 homi-

201 1251 292 1296 nem
307 1228 352 1296 ad
367 1226 525 1294 salutem
533 1219 767 1314 perduceret.
794 1222 971 1293 Proxima
984 1239 1193 1314 postnocte

201 1343 303 1396 vates
339 1327 435 1413 ille,⁴
465 1322 698 1390 fallaciarum
724 1320 877 1413 pleuu's,
915 1325 1080 1394 Kodrani
1102 1339 1193 1419 per'·

203 1447 319 1518 quam
335 1425 501 1494 diversus
517 1419 692 1515 apparuit
707 1421 752 1489 ob
771 1445 827 1509 eo,
854 1423 1011 1514 quiesse
1029 1447 1192 1494 consue·

201 1541 327 1608 verat3
343 1565 346 1572 ·
363 1547 452 1594 cum
471 1521 575 1592 enim
591 1521 626 1589 ei
644 1520 777 1608 solitus
794 1537 892 1594 esset
905 1544 1086 1615 apparere
1101 1525 1189 1594 vul·
1271 1546 1272 1590 l

202 1643 247 1698 tu
266 1641 399 1695 sereno
418 1638 457 1694 et
474 1621 635 1714 plecido,
658 1621 873 1714 eximieque
891 1625 1059 1712 restitus,
1083 1647 1191 1693 nunc

202 1741 332 1798 contra
347 1726 455 1818 nigra
471 1738 510 1791 et
525 1721 625 1790 toeda
643 1720 745 1811 pelle
769 1723 943 1812 indutus,
970 1723 1066 1794 facie
1078 1725 1190 1818 nigra

202 1839 241 1896 et
273 1826 491 1896 truculenta
522 1820 824 1912 patremfamilias
864 1845 955 1904 voce
983 1840 1116 1893 moeste
1150 1835 1191 1892 et
1273 1878 1274 1884 1

201 1927 366 1996 tremula
383 1925 571 1994 allocutus
589 1934 663 1990 est:
692 1919 734 1990 hi
753 1922 925 1993 homines
941 1924 1190 1992 vehementer

201 2025 355 2096 student
367 2045 437 2092 nos
455 2023 562 2092 bonis
579 2022 714 2092 nostris
732 2036 771 2090 et
786 2023 995 2094 commodis
1013 2023 1188 2115 spoliare,

202 2125 271 2216 qui
289 2149 352 2194 me
363 2147 409 2192 ex
423 2123 578 2214 propria
590 2121 811 2191 haereditate
821 2123 1027 2212 expellere,
1042 2139 1080 2192 te
1096 2147 1189 2192 vero

201 2224 323 2293 amica
342 2237 467 2292 nostre
483 2245 572 2290 oure
592 2235 630 2290 et
648 2222 811 2312 providis
828 2222 1014 2292 vaticiniis
1024 2224 1188 2316 privare,

202 2323 332 2394 velint.
399 2326 480 2392 lam
497 2321 625 2390 xitum
643 2338 692 2390 te·
704 2336 857 2411 preste,
885 2323 1008 2394 ethos
1026 2326 1187 2414 expelle,

202 2447 253 2495 ne
266 2419 425 2516 propter
443 2443 579 2490 eorum
598 2419 749 2492 fraudes
764 2423 938 2493 omnibus
952 2425 1059 2493 bonis
1073 2425 1188 2493 rebus

204 2547 416 2612 cmeemus3
449 2543 645 2612 nunquam
666 2521 769 2591 enim
784 2522 939 2619 fugiam,
968 2547 1188 2616 quanquam

203 2623 409 2693 molestum
435 2636 513 2712 est,
545 2641 684 2692 'eorum
705 2621 864 2710 injurias
887 2637 926 2692 et
947 2623 1187 2696 incommoda

204 2721 346 2792 diutius
361 2722 472 2792 ferre.
523 2723 614 2792 Haec
636 2721 760 2790 omnia
780 2723 978 2814 multaque
991 2724 1075 2814 alia,
1100 2737 1187 2816 quae

203 2821 264 2894 hic
289 2824 438 2892 demon
452 2820 616 2894 Kodrani
639 2819 803 2912 dixerat,
839 2837 945 2914 peter
964 2825 1054 2894 filio
1072 2823 1186 2894 mane

203 2925 377 3014 sequenti
391 2923 573 3012 exposuit.
609 2923 739 2993 Tertio
749 2922 811 2992 die
828 2924 1024 3016 episcopus
1039 2947 1183 3013 saxum,

205 3023 524 3116 quemadmodum
547 3021 663 3113 prius,
689 3022 865 3094 visitavit.
902 3026 1080 3096 Proxime
1095 3047 1185 3093 vero

203 3139 289 3215 post
302 3137 414 3193 nocte
432 3123 620 3218 malignus
635 3121 787 3212 spiritus
802 3119 1064 3215 patrifamilias
1078 3125 1187 3194 terti-

203 3247 271 3294 um
298 3223 475 3315 apparuit
497 3226 607 3292 vultu
630 3235 789 3310 moesto,
828 3225 1036 3316 talemque.
1050 3249 1187 3317 quere·

165 3379 170 3395 .
204 3324 282 3394 lam
298 3345 392 3416 rece
406 3323 653 3419 singultiente
668 3324 822 3412 extulit,
846 3323 994 3394 dicens:
1028 3326 1089 3394 hic
1106 3349 1187 3396 ma·

204 3424 264 3494 lus
278 3421 482 3514 impostor,
515 3423 804 3509 christianorum
821 3423 1021 3494 hominum
1042 3425 1187 3516 episco-

204 3545 294 3614 pus,
333 3545 394 3593 me
428 3523 603 3593 omnibus
628 3524 921 3613 possessionibus
949 3526 1043 3595 meis
1068 3527 1185 3615 exuit,

205 3624 325 3692 aedem
341 3646 464 3692 meam
481 3623 659 3714 corrupit,
680 3622 842 3692 ferventi
862 3648 957 3715 equa
979 3649 1041 3694 me
1055 3649 1184 3718 super·

204 3722 313 3807 fudit,
337 3737 459 3794 vestes
478 3747 579 3794 meas
600 3723 820 3812 madefecit,
848 3725 1009 3815 dirupit,
1032 3747 1186 3816 prorsus

205 3822 360 3892 inutiles
388 3823 568 3908 reddidit3
614 3823 711 3892 mihi
735 3847 823 3893 vero
849 3838 888 3894 et
909 3823 1064 3895 familie
1090 3849 1185 3896 meae

205 3919 454 3992 insanabilem
461 3927 592 3993 attulit
601 3925 806 4011 ustionem,
825 3941 864 3995 et
874 3925 1004 3995 adhuc
1021 3926 1205 3996 inritum-

204 4047 267 4094 nae
283 4021 423 4114 procul
437 4022 639 4094 in‘deserta
660 4036 699 4092 et
716 4021 874 4093 exilium
890 4025 1012 4112 ejecit.
1071 4029 1187 4099 Nunc

203 4122 333 4215 itaque
352 4123 567 4195 convictum
582 4137 621 4194 et
641 4123 851 4195 amicitiem
869 4124 1070 4197 dissolvere
1077 4129 1186 4222 cogi·
