2554 4778
280 303 379 391 286·
566 313 845 356 Μ
1067 313 1102 372 u.
1127 311 1201 376 tar.
1261 351 1262 356 a

219 523 767 617 rum‚etduloemclericorum
781 523 1208 607 cantum‚sua'vemthu·

220 631 273 700 ris
291 627 622 712 odoremsentiret,
648 624 866 714 episcopum
881 621 1026 692 videret
1043 639 1204 724 augusto
1262 613 1263 638 ³

220 730 353 800 habitu
376 741 570 812 ornatum,
604 745 812 813 omnesque
834 722 915 804 eius
940 724 1129 794 ministras
1150 726 1206 793 al·

219 831 276 900 bis
292 829 455 913 indutos,
465 825 648 914 vultuque
663 823 788 893 lucido
800 821 1033 912 conspicuos,
1044 847 1115 892 uec
1126 847 1207 894 nou
1263 840 1264 912 l

220 950 396 1020 magnam
409 943 487 996 tota
500 927 578 994 aede
588 928 724 1010 lucem,
734 926 832 992 claro
842 923 1066 1012 splendente
1077 947 1206 994 cereo·

220 1053 304 1098 rum
314 1028 468 1113 lumine,
485 1027 577 1094 item
592 1049 648 1094 res
657 1023 756 1110 alias,
773 1021 910 1114 quaead
920 1023 1032 1108 hujus
1046 1023 1206 1094 fertite-

218 1127 435 1204 lebritatem
459 1126 712 1215 pertinebant,
739 1125 798 1194 liae
818 1145 883 1192 resv
899 1145 1028 1194 omnes
1046 1125 1207 1223 {homini

220 1230 405 1314 majorem
421 1226 461 1294 in
478 1225 635 1294 modum
653 1227 892 1316 placuerunt.
923 1226 1047 1315 Quare
1067 1223 1205 1294 eodem
1264 1241 1265 1298 ζ

221 1328 292 1408 die,
305 1339 461 1421 gneturn
477 1347 587 1394 suum
606 1324 864 1396 Thorvaldum
883 1325 1117 1412 conveniens,
1149 1324 1205 1392 sic

217 1429 368 1499 locutus
382 1439 450 1494 est:
467 1426 543 1509 iam
558 1425 644 1510 vidi,
665 1438 703 1492 et
719 1423 892 1494 nonnihil
907 1423 1032 1494 animo
1042 1447 1205 1514 perpera*

220 1527 270 1613 di,
297 1549 410 1615 quam
428 1525 606 1594 sedulum
622 1525 769 1594 cultum
787 1524 855 1594 deo
871 1538 990 1594 vestro
1001 1524 1206 1616 praestetis;
1265 1612 1266 1624 ἵ

220 1626 296 1713 sed,
308 1638 492 1717 quantum
509 1625 722 1720 intelligere
735 1625 836 1712 lieet,
858 1645 943 1693 mea
958 1639 1098 1716 tuaque
1114 1624 1216 1694 reli··
1265 1625 1266 1640 ¹

220 1727 282 1818 gio
297 1728 465 1794 multum
482 1726 582 1794 inter
601 1747 643 1794 se
659 1725 883 1814 discrepant,
906 1723 1000 1794 deus
1017 1725 1121 1794 enim
1141 1747 1206 1790 re·

220 1843 298 1896 ster
316 1825 473 1914 lumine,
508 1825 609 1917 quod
624 1825 741 1894 nostri
758 1825 810 1894 dii
829 1823 1049 1911 formidant,
1076 1825 1204 1893 delec-

218 1926 289 1996 tari
298 1925 455 1996 videtur.
474 1925 614 2019 Quodsi
630 1927 828 2012 resitaest,
848 1925 1049 2014 utopinor‚
1061 1924 1202 2012 hiavit,

220 2049 335 2118 quem
353 2023 574 2117 episcopum
591 2039 756 2094 vestrum
766 2045 886 2110 vonas,
896 2039 1005 2094 ,vates
1022 2038 1114 2093 tuus
1125 2039 1205 2106 esta

217 2125 387 2218 intelligo
407 2125 575 2206 enim‚·te
585 2127 629 2194 ab
645 2149 689 2193 eo
700 2124 990 2211 ornniadiscere,
1000 2147 1082 2215 quae
1097 2125 1207 2194 nobis

220 2225 282 2292 dei
305 2224 364 2292 tui
392 2226 546 2292 nornine
569 2226 792 2294 annuntias„
840 2233 889 2296 At
907 2245 977 2316 ego
1000 2225 1126 2294 ulium*
1140 2225 1207 2294 ha-

217 2325 289 2394 beo
316 2337 459 2409 vatem,
491 2323 587 2392 mihi
609 2325 762 2414 quidem
787 2326 910 2392 multo
935 2325 1205 2404 utilissimum

218 2425 421 2500 hiemulta
446 2423 688 2494 mihifutura
707 2423 895 2514 praedicit,
930 2443 1046 2514 pecus
1069 2447 1206 2494 meum
1267 2421 1268 2430 ’

219 2539 424 2602 conservat,
448 2539 488 2592 et
504 2545 564 2593 me
582 2539 722 2610 mouet,
743 2523 833 2613 quid
848 2523 1075 2612 laciendum,
1096 2523 1207 2614 quid-

217 2647 264 2693 ve
288 2622 513 2714 fugiendum
529 2624 598 2707 sill
633 2647 754 2714 quere·
776 2647 933 2694 omnem·
951 2625 991 2692 in
1009 2648 1053 2694 eo
1071 2625 1206 2695 liduoi-

219 2745 281 2794 am
301 2723 522 2794 collocatam
543 2723 683 2810 habeo,
721 2737 759 2796 et
779 2747 867 2794 eum
892 2726 1007 2819 longo
1028 2738 1204 2814 tempore

220 2823 341 2906 colui3
362 2836 419 2892 ·tu
435 2845 525 2894 vero
546 2823 580 2892 ei
598 2845 829 2915 magnopere
854 2823 1047 2914 displices,
1085 2841 1125 2894 et
1143 2847 1206 2894 va-

218 2939 275 2992 tes
293 2937 391 3009 tuus,
410 2925 750 3013 vestriquemores3
776 2925 879 2998 idem
890 2947 951 2992 me
967 2923 1202 3012 dehortatur,

219 3048 270 3092 ne
287 3023 378 3112 quid
392 3023 495 3092 vobis
511 3037 684 3113 praestem
706 3025 842 3112 officii,
878 3037 917 3092 et
932 3023 1120 3112 maxime,
1153 3049 1205 3092 ne

220 3137 350 3192 uestrae
378 3122 555 3215 religioni
581 3124 772 3194 assentiar.
841 3123 1097 3196 Thorvaldus:
1136 3126 1206 3194 ubi

219 3239 324 3292 uates
338 3237 425 3294 tuus
442 3223 608 3294 habitat?
639 3224 807 3294 Kodran:
835 3223 899 3292 hio
922 3245 1043 3314 prope
1056 3223 1205 3292 habitat

219 3345 246 3390 a
260 3323 350 3390 villa
365 3347 448 3396 mea
474 3323 515 3392 in
531 3346 667 3418 magno
686 3347 773 3394 saxo
794 3337 831 3392 et
846 3324 1061 3394 venerabili.
1094 3327 1206 3417 Quae-

220 3421 320 3492 renti
336 3421 566 3512 Thorvaldo‚
592 3425 772 3514 quamdiu
786 3424 848 3494 hio
867 3423 1085 3512 habitasset,
1114 3447 1205 3494 eum

218 3525 331 3616 longo
342 3522 399 3598 ‚ibi
418 3536 589 3612 tempore
608 3517 737 3604 sedem
752 3524 946 3612 habuisse,
973 3523 1124 3596 Kodran
1146 3547 1202 3592 re·

220 3622 382 3712 spondit,
416 3623 548 3712 Itaque
566 3639 721 3713 pactum
734 3624 857 3694 bacde
874 3647 927 3710 re,
946 3623 1201 3714 iuquitThor·

219 3722 371 3807 valdus,
397 3724 450 3792 mi
464 3723 585 3812 pater!
609 3725 709 3794 inter
725 3747 793 3794 nos
808 3725 1052 3794 constituam:
1085 3739 1202 3794 tuta-

219 3834 300 3890 tem
311 3824 746 3913 tuumvaldepotentem.
757 3825 948 3914 praedicas,
966 3838 1081 3911 teque
1098 3843 1203 3914 mag·

219 3945 309 4002 nam
333 3921 374 3989 in
397 3945 442 3990 eo
457 3923 636 3994 fiduciam
651 3945 836 4013 reponere
854 3922 969 4003 dicire
1004 3924 1202 4013 episeopus

221 4039 360 4107 auteur,
383 4045 497 4112 quern
515 4039 641 4102 vatem
656 4047 786 4094 meum
803 4024 981 4114 appellare,
994 4045 1103 4093 vesco
1121 4047 1202 4092 cor·

219 4143 311 4213 pore
336 4137 374 4189 et
395 4122 541 4214 exiguis
568 4123 709 4196 viribus,
730 4143 796 4211 esu
821 4125 853 4198 ei
870 4145 959 4195 vero
988 4122 1049 4211 dei
1073 4125 1201 4192 coeles-

221 4223 287 4306 tis,
327 4222 367 4287 in
391 4245 505 4311 quern
530 4224 734 4312 credimus,
772 4246 843 4316 ope
866 4223 1038 4311 adjutus,
1074 4238 1198 4292 vatem
