2536 4788
267 247 328 344 24
554 267 823 330 ...-··=·-¹--·

207 477 446 554 obviamivit.
498 470 574 572 Qui
592 493 682 544 cum
697 472 967 564 convenissent,
993 497 1079 548 acre
1094 497 1190 567 prae-

205 583 306 656 lium
326 581 466 667 oritur,
494 574 709 666 caduntque
728 575 851 666 primo
867 577 1081 668 Anglorum
1102 575 1190 666 plu-

208 681 313 764 rimi;
336 678 401 751 sed
416 678 482 748 ubi
496 699 594 745 unus
611 672 763 765 cecidit,
795 677 837 748 in
859 677 940 765 ejus
955 679 1085 748 locum
1102 699 1192 746 cou-

207 785 316 854 tinuo
325 795 400 850 tres
411 803 456 850 ex
469 778 602 849 incolis
618 791 788 846 recentes
802 791 1084 861 successerunt,
1100 801 1192 868 qua-

209 905 265 970 re,
280 881 492 951 declinante
506 879 548 948 in
561 900 755 967 vesperam
770 875 841 966 die,
867 899 972 950 versa
986 879 1027 948 in
1039 891 1193 968 partem

209 981 545 1056 Nordmannorum
569 992 710 1074 strage,
741 978 822 1068 ipse
842 978 996 1049 tandem
1011 1001 1077 1048 rex
1097 977 1193 1050 Eiri-

209 1083 281 1155 lms
305 1095 343 1150 et
364 1085 535 1151 ‘unacum
562 1101 606 1148 eo
631 1081 798 1170 quinque
822 1098 930 1170 reges
957 1079 1190 1168 occubuere;

210 1182 276 1253 hic
297 1205 446 1274 quoque
465 1181 534 1252 filii
546 1178 825 1267 Torf-Einaris,
848 1179 990 1250 Arnkel
1006 1193 1045 1248 et
1060 1178 1194 1250 Erlen-

214 1283 299 1372 dus,
334 1282 571 1369 ceciderunt,
596 1303 732 1376 magna
746 1280 844 1350 facta
861 1279 1195 1350 Nordmannorum

212 1397 344 1480 strage.
407 1383 483 1476 Qui
496 1403 583 1452 vero
602 1379 693 1476 fuga
710 1381 826 1470 elapsi
842 1394 946 1467 sunt,
982 1379 1195 1452 Northum-
1244 1360 1247 1506 l

211 1482 333 1554 briam
355 1485 566 1574 petierunt,
613 1493 653 1550 et
677 1479 906 1552 Gunnhildae
926 1481 1088 1570 filiisque
1115 1479 1195 1565 ejus
1246 1516 1248 1578 ,

213 1584 397 1653 nuntium
414 1582 529 1670 hujus
551 1581 608 1650 rei
628 1581 854 1658 retulerunt.
923 1581 999 1675 Qui
1017 1582 1196 1650 certiores
1248 1594 1249 1662 l

213 1682 320 1772 facti,
353 1682 527 1752 cecidisse
551 1703 679 1775 regem
694 1679 886 1768 Eirikum,
919 1694 1126 1772 postquam
1143 1677 1196 1748 di·
1249 1672 1250 1738 l

212 1785 335 1852 tiones
349 1781 541 1852 Jatmundi
559 1782 655 1875 regis
674 1780 810 1848 infesto
836 1782 1005 1852 exercitu
1030 1795 1198 1852 vastave-
1249 1750 1251 1812 ⁴

214 1897 284 1970 rat,
298 1903 375 1952 non
392 1881 478 1952 satis
493 1893 575 1950 tuta
590 1880 721 1950 eadem
736 1879 820 1950 loca
833 1881 904 1950 sibi
918 1881 1098 1970 arbitrati,
1110 1903 1199 1950 con·
1252 1906 1253 1956 t

213 1980 341 2052 festim
364 1981 640 2072 profectionem
675 2003 721 2050 ex
749 1980 1020 2052 Northumbria
1050 1994 1198 2072 parant,
1253 1984 1254 2018 ¹

214 2071 346 2169 naves,
371 2104 454 2172 quas
472 2082 552 2176 regi
565 2080 691 2152 Eiriko
707 2079 877 2170 fuerant,
903 2103 1035 2153 secum
1048 2083 1202 2152 univer·

209 2204 272 2252 sas
288 2180 487 2272 ducentes,
525 2203 690 2252 unacum
713 2193 816 2268 toto,
853 2182 921 2272 qui
942 2205 1006 2253 eos
1028 2182 1205 2252 comitari
1256 2218 1257 2234 κ

215 2282 376 2370 volebat,
403 2280 583 2369 exercitu,
604 2281 865 2371 immensaque
883 2283 1133 2372 pecuniarum
1150 2283 1203 2370 vi,
1257 2296 1258 2306 ¹

214 2403 310 2474 quas
322 2383 461 2473 partim
476 2405 521 2450 ex
534 2381 683 2450 tributis
700 2379 883 2478 inAnglia
899 2383 1202 2474 cumulaverant,
1258 2374 1259 2390 ¹

215 2483 356 2573 partim
378 2483 419 2552 in
438 2482 596 2572 piratica
610 2479 920 2552 lucratifuerant.
985 2482 1135 2556 Deinde
1159 2483 1204 2552 in

219 2581 410 2673 Orkneyas
428 2581 609 2670 tendunt,
632 2580 697 2649 ubi
713 2579 844 2652 sedem
858 2582 1091 2674 aliquamdiu
1108 2584 1204 2650 fixe-

217 2701 278 2760 re3
331 2696 417 2753 tum
446 2681 579 2752 insulis
609 2679 765 2773 dynasta
794 2681 946 2771 praefuit
968 2683 1205 2756 Thorfirmus

219 2779 435 2870 Craniseca,
465 2781 730 2854 Turi-Emeris
756 2781 866 2852 silius.
930 2782 1016 2856 Filii
1031 2805 1120 2852 vero
1139 2785 1206 2854 Ei·

216 2880 289 2950 riki
299 2881 488 2974 Orlmeyas
506 2879 823 2968 etHjaltlandiam
833 2883 901 2952 sub
914 2905 1021 2952 suam
1035 2896 1206 2973 potesta-

217 2992 298 3050 tem
312 2982 561 3075 redegerunt,
582 2981 725 3052 tributa
739 2980 827 3048 inde
841 2982 1109 3074 percipientes3
1130 2984 1207 3052 ibi-

219 3079 307 3150 dem
324 3103 392 3170 per
417 3082 562 3150 hiemes
587 3080 937 3172 commorabantur,
968 3101 1038 3172 per
1058 3097 1208 3154 aestates

218 3191 348 3252 autem
379 3201 484 3252 mare
514 3177 745 3248 occidentale
779 3180 935 3270 piratica
964 3181 1206 3273 infestarunt,

219 3279 362 3368 praedas
386 3294 540 3374 agentes
562 3300 608 3348 ex
623 3278 746 3350 Scotia
774 3292 812 3348 et
823 3283 1015 3372 Hibernia.
1083 3283 1207 3370 Cujus

219 3379 276 3446 rei
299 3381 473 3452 meminit
495 3379 660 3453 olemus
683 3378 803 3454 Geirii
829 3382 931 3458 filius
958 3383 1000 3458 in
1027 3385 1205 3458 encomio

221 3479 405 3552 Grafeldi:

318 3580 468 3654 Peritus
482 3575 569 3652 inde
583 3579 740 3654 navium

320 3679 545 3773 devastator,
570 3683 709 3773 puerili
726 3695 855 3776 aetate,

320 3781 531 3872 Skaneyam
547 3806 674 3854 versus
686 3783 762 3854 iter

320 3881 429 3950 bonis
442 3883 570 3954 avibus
584 3882 747 3968 fecerat3

323 3981 528 4068 ejaculator
542 3984 722 4075 praeliaris
738 3985 873 4056 favillae

320 4084 487 4154 virorum
504 4097 635 4180 gentes
651 4081 787 4158 devicit
805 4087 844 4156 in
860 4087 1004 4181 Scotia3
