2534 4778
286 257 427 347 162.
589 261 863 336 m
1012 263 1219 334 .-c.76.

219 507 347 579 neque
373 505 477 553 sacro
504 469 697 573 baptismo·
718 478 871 550 ablutus
897 505 948 551 es.
1013 485 1118 555 Tum
1131 500 1220 571 per-

219 587 353 658 timuit
368 586 525 668 Olavus,
563 597 602 650 et
633 582 743 652 valde
757 584 891 651 anxius
915 583 1030 652 dixit:
1068 582 1152 672 quis
1167 603 1217 670 es,

221 689 386 776 domine,
409 685 451 754 in
470 705 586 776 quem
605 683 757 752 credere
773 684 939 774 possim?
962 690 1045 754 Vox
1064 701 1220 772 respon·

222 789 295 860 dit:
327 788 371 856 in
395 783 582 858 Grreciam
609 783 871 876 proficiscere,
905 785 960 852 ibi
984 785 1057 853 tibi
1080 796 1219 852 notum

221 891 289 959 fiet
315 911 458 958 nomen
476 883 546 954 ·dei
564 886 651 974 tui,
678 897 717 954 et
733 885 823 953 siin
848 907 937 954 eum
960 899 1064 962 recte
1081 883 1215 970 credis,

221 1008 337 1083 atque
355 1000 545 1082 praecepta
565 987 648 1074 ejus
665 985 830 1056 fideliter
839 1006 980 1077 servas,
1006 1000 1046 1056 te
1063 1000 1104 1054 et
1121 981 1219 1053 mui-

222 1109 282 1162 tos
298 1092 390 1159 alios
405 1090 451 1158 ab
465 1088 591 1179 opacis
611 1087 771 1158 ethnica
788 1085 982 1180 religionis
999 1086 1219 1156 tramitibus

224 1191 391 1262 erroneis
411 1189 452 1259 in
473 1187 618 1258 lucidas
635 1200 878 1257 sacrosanctae
892 1187 981 1256 fidei
999 1189 1076 1257 vias
1103 1185 1220 1256 dedu·

224 1315 304 1381 ces,
339 1291 432 1360 deus
450 1289 605 1358 enimte
635 1288 772 1384 elegit,
813 1302 858 1356 ut
880 1291 1025 1358 multos
1051 1286 1217 1379 populos

225 1394 261 1462 ei
281 1392 473 1482 acquiras,
509 1401 555 1458 et'
563 1403 721 1482 propter
742 1389 824 1458 haec
843 1403 1026 1459 eternam
1043 1391 1216 1472 salutem,

225 1493 503 1583 majoremque,
515 1510 631 1582 quam
646 1511 750 1584 nnnc
767 1488 906 1578 vidisti,
924 1489 1084 1588 gloriam
1102 1487 1218 1580 adipi-

225 1592 350 1664 sceris.
387 1681 392 1690 ,
407 1592 506 1662 Cum
525 1593 605 1662 haec
622 1591 777 1662 vidisset
793 1601 833 1658 et
847 1589 1063 1680 audivisset,
1092 1589 1141 1658 de
1161 1609 1218 1654 co-

226 1694 364 1764 lumna·
383 1691 612 1762 descendere
629 1692 771 1776 roluit;
803 1703 889 1762 tum
919 1690 1098 1763 deorsum
1121 1688 1219 1758 infra

225 1809 265 1865 se
290 1794 383 1863 vidit
412 1795 535 1862 multa
567 1791 752 1886 terribilia
785 1791 888 1881 loca,
935 1790 1218 1866 flammantibus

219 1895 462 1964 cruciatibus
473 1895 587 1985 plena
596 1944 611 1986 ,Ι
642 1891 860 1984 audivitque
888 1894 1074 1988 ejulatum
1093 1890 1218 1960 etde

227 1995 497 2086 sperationem,
509 2008 623 2086 atque
636 1994 889 2064 miserabilem
905 1991 1219 2063 lamentationem

227 2096 454 2182 animarum,
474 2117 557 2185 quae
578 2096 632 2164 ibi
647 2093 934 2177 cruciamentum
968 2095 1023 2164 ibi
1044 2092 1116 2163 sibi
1136 2111 1218 2185 cog·

227 2215 385 2264 noscere
401 2195 500 2264 risus
518 2208 574 2264 est
583 2197 728 2264 multos
741 2194 931 2285 principes
946 2211 1062 2286 atque
1078 2193 1218 2262 amicos

227 2315 332 2383 suos,
342 2293 408 2386 qui
425 2295 467 2364 in
484 2297 654 2364 ethnicos
664 2295 754 2365 deos
765 2294 1019 2383 crediderant3
1011 2293 1092 2362 ·ibi
1103 2292 1219 2366 etiam
1255 2349 1256 2367 ι

228 2395 461 2492 conspexit
454 2395 733 2466 formidabilem
759 2396 994 2485 cruciatum,
1029 2393 1113 2488 regi
1134 2391 1219 2462 Val-

229 2496 371 2566 damari
394 2506 435 2566 et
462 2497 602 2594 regina
621 2496 781 2591 Allogiae
806 2509 1072 2589 preparatum
1138 2495 1219 2564 Hac

227 2596 372 2666 visione
382 2591 497 2666 'valde
520 2597 722 2668 exterritus
739 2609 817 2685 est,
843 2611 882 2666 et
902 2611 1100 2688 tantopere
1118 2617 1219 2664 com·
1254 2647 1255 2660 ,

227 2711 385 2812 motus,
383 2709 467 2783 =,nt
500 2720 587 2766 cum
605 2697 900 2792 expergefieret,
940 2696 1043 2768 oculi
1067 2697 1152 2785 ejus
1170 2695 1219 2763 la-

229 2797 357 2866 crimis
364 2747 519 2888 oppleti
542 2812 684 2882 essent3
718 2797 931 2890 eodemque
958 2819 1092 2885 mane,
1130 2817 1218 2864 cum

227 2912 351 2976 vestes
374 2898 580 2985 induisset,
612 2899 722 2988 jussit
739 2901 864 2992 copias
883 2921 969 2970 suas
990 2895 1219 2990 profectioni

227 3020 277 3066 se
296 2998 509 3092 accingere.
572 3000 674 3070 Hinc
696 3021 809 3069 naves
827 3023 941 3094 quam
959 2999 1160 3069 celerrime
1177 2994 1219 3063 ad

233 3053 430 3168 Graeciam
436 3099 596 3189 direxit,
623 3099 690 3168 ubi
705 3097 847 3170 multos
866 3100 1025 3172 offendit
1034 3109 1218 3190 prestan-

228 3211 287 3266 tes
301 3199 532 3290 sacerdotes,
568 3200 634 3291 qui
652 3198 689 3268 ei
713 3213 849 3270 notum
874 3200 1050 3270 iecerunt
1076 3220 1218 3268 nomen

230 3297 387 3416 domini,
402 3304 500 3370 lesu
496 3301 661 3387 Christi,
684 3316 954 3394 nanctumque
973 3313 1041 3391 est,
1058 3299 1219 3369 Olavum

228 3412 314 3467 tum
330 3401 454 3513 prime
455 3401 678 3516 signatione
704 3403 900 3495 initiatum
916 3402 1051 3486 luisse3
1088 3411 1219 3490 postea

228 3499 389 3593 rogavit
405 3489 645 3592 episcopum,
681 3502 743 3570 cui
763 3519 903 3572 nornen
922 3501 1082 3588 Paulus,
1117 3499 1218 3568 utin

230 3600 488 3672 Gardarikiam
503 3602 827 3692 proficisceretur,
845 3617 957 3695 atque
972 3603 1027 3672 ibi
1044 3599 1217 3699 gentibus

230 3699 389 3770 ethnicis
424 3701 653 3795 religionem
687 3701 929 3792 christjen'arn'
962 3703 1215 3772 annuntiaret.

228 3796 371 3869 Poulus‘
388 3802 584 3893 episcopus
605 3816 685 3872 erat
700 3824 858 3896 magnus
869 3803 929 3873 dei
938 3803 1094 3888 amicus,
1109 3801 1216 3870 dirit·
1250 3803 1251 3820 ²

229 3921 316 3991 que,
336 3915 376 3968 so
393 3899 436 3968 in
452 3903 721 3972 Gardarikiam
718 3904 1001 3994 profecturum,
1024 3902 1056 3973 si
1078 3903 1215 3971 Olavus

228 4000 487 4092 praecessisset,
506 4017 544 4072 et
560 4003 760 4096 negotium
771 4025 852 4092 eJus
870 4004 1144 4119 interpretatus
1164 4025 1215 4070 es

227 4117 296 4192 set,
323 4125 371 4172 ne
388 4116 607 4172 resisterent
621 4124 822 4198 principes,
849 4106 1055 4199 quominus
1083 4091 1250 4174 christ
