2534 4778
269 233 359 326 152
550 247 824 318 m
1077 247 1118 314 c.
1140 244 1195 316 ro

211 479 330 557 taque
349 461 520 536 oratione
535 459 581 532 de
610 458 768 554 negotio
798 456 926 530 divino
946 457 1195 554 exposuisset,

211 590 281 640 rex
296 561 482 636 Haraldus
505 560 558 632 sic
579 561 803 652 respondet:
835 559 978 630 invitus
996 562 1118 650 iacio,
1152 575 1196 632 ut

212 663 388 760 religioni
401 663 638 754 renuntiem,
670 685 786 754 quam
807 684 877 754 per
896 675 1021 742 totam
1044 677 1196 732 aetatem

213 766 331 841 habui
347 763 610 854 etobservavi,
634 777 774 834 etanta
792 787 854 832 me
869 762 1140 860 consanguinei
1157 774 1195 831 et

213 869 375 956 majores
399 865 494 952 mei,
520 888 646 956 neque
665 863 791 934 verbis
814 863 925 953 solis,
942 863 1195 956 quantumvis

214 964 420 1060 splendidis
438 979 476 1035 et
488 965 649 1055 blandis,
667 963 840 1054 inducor,
852 977 897 1033 ut
911 987 996 1036 eam
1012 965 1196 1052 deseram,

213 1069 288 1138 nisi
311 1065 511 1142 manifesta
537 1066 653 1136 simul
678 1064 885 1139 ostendatis
911 1064 1036 1159 signa,
1068 1064 1124 1136 ita
1154 1079 1197 1134 ut

213 1167 346 1260 negari
362 1191 440 1236 non
454 1167 764 1257 possit,¹vestram
782 1164 1008 1258 religionem
1021 1187 1103 1236 esse
1121 1189 1197 1234 men
1244 1217 1245 1302 ,

213 1271 351 1340 liorem
382 1281 420 1336 et
448 1268 661 1358 veriorem,
705 1289 821 1360 quam
850 1281 1028 1338 nostram.
1096 1271 1197 1340 Tum
1245 1314 1246 1380 ,

215 1369 413 1461 episcopus
427 1367 559 1460 Poppo
583 1367 764 1439 laminam
784 1365 948 1438 ferream
976 1367 1198 1440 candentem
1246 1408 1247 1452 y

216 1469 356 1548 dextrae
377 1467 525 1560 imponi
539 1467 647 1560 fecit,
671 1491 830 1559 eamque
852 1469 894 1538 in
918 1468 1093 1540 omnium
1112 1489 1196 1536 con·
1247 1504 1248 1532 t

216 1586 351 1662 spectu
367 1592 503 1648 novem
519 1571 632 1662 pedes
642 1571 814 1666 gestavit,
836 1568 1030 1660 quosaam,
1040 1591 1198 1648 manum
1248 1600 1249 1622 1

214 1671 451 1742 incolumem
477 1671 560 1766 regi
582 1670 746 1742 Haraldo
777 1669 971 1760 ostendit,
1015 1691 1091 1762 quo
1121 1669 1197 1738 viso
1249 1694 1250 1706 2

216 1770 373 1864 miratus
390 1794 456 1840 rex
472 1771 675 1860 Haraldus,
699 1769 926 1865 religionem
945 1772 1146 1863 amplexus
1163 1781 1199 1838 et

217 1894 307 1943 cum
323 1871 499 1947 omnibus
515 1872 591 1944 suis
621 1871 973 1962 copiisbaptizatus
1000 1883 1068 1944 est.
1119 1871 1199 1942 Rex

215 1969 420 2060 Haraldus,
448 1995 537 2046 cum
562 1973 605 2044 in
626 1977 803 2064 Marseya
831 1972 1066 2059 considebat,
1092 1983 1196 2042 ante
1252 1980 1253 1986 ’

216 2071 611 2164 quamimperatorem
625 2070 856 2160 conveniret,
876 2071 1026 2168 Hakoni
1036 2072 1198 2164 dynasta
1253 2076 1254 2094 ³

216 2171 398 2245 nuntium
415 2173 579 2262 miserat,
597 2186 641 2242 ut
657 2173 729 2242 sibi
744 2172 885 2241 auxilio
902 2172 1079 2244 veniret..
1112 2173 1200 2243 Per*
1254 2201 1255 2206 ¹

216 2286 372 2343 venerat
386 2287 470 2342 tum
486 2274 527 2346 in
539 2274 703 2346 insulam
722 2272 900 2365 dynasta,
936 2272 1097 2366 quando,
1109 2273 1199 2362 bap·

216 2373 353 2442 tizatus
367 2387 447 2442 erat
470 2397 557 2457 rex3
582 2395 661 2463 rex,
688 2372 811 2444 missis
829 2375 982 2464 nonnis,
1001 2373 1131 2463 jussit,
1158 2385 1201 2441 ut
1256 2381 1257 2390 ³

218 2473 320 2552 adse
336 2472 501 2558 veniret3
519 2487 564 2544 ut
580 2496 668 2544 vero
690 2490 961 2564 convenerunt,
986 2497 1054 2544 rex
1068 2473 1201 2568 dynas-

217 2587 316 2662 tam,
357 2588 402 2642 ut
429 2597 468 2644 se
491 2572 677 2668 baptizari
709 2574 870 2665 sineret,
900 2575 1047 2670 coligit3
1084 2596 1200 2668 quare

217 2673 354 2745 Hakon
376 2674 535 2766 dynasta
560 2697 649 2744 cum
677 2675 872 2766 omnibus,
906 2676 974 2766 qui
1000 2699 1092 2745 eum
1114 2689 1201 2744 tum

217 2774 494 2864 sequebantur,
527 2775 737 2868 baptizatus
759 2790 826 2846 est.
879 2779 963 2871 Quo
991 2774 1105 2863 facto,
1134 2796 1201 2843 rex

214 2875 256 2950 ‚ci
273 2875 483 2956 sacerdotes
500 2875 670 2969 aliosque
687 2876 815 2952 doctos
832 2875 931 2946 viros
944 2874 1112 2964 tradidit,
1141 2875 1201 2944 ad-

213 2973 307 3046 ditis
323 2975 527 3066 mandatis,
551 2994 597 3048 ut
622 3000 777 3048 omnem
793 2976 991 3074 Norvegiae
1011 2977 1202 3068 populum

156 3121 157 3128 κ
217 3075 490 3166 baptizandum
501 3091 668 3162 curaret;
692 3099 768 3168 quo
785 3077 897 3166 iacto,
916 3101 1004 3150 cum
1016 3077 1203 3148 discessis

218 3188 320 3262 sent,
346 3175 500 3268 dynasta
516 3178 730 3250 Halsumin
750 3175 980 3264 Linrafjbrdo
1003 3201 1055 3246 se·
1068 3191 1204 3248 contu·

218 3275 277 3361 lit,
293 3275 423 3366 ibique
434 3267 648 3348 'secundum
662 3289 819 3348 ventum
837 3278 1078 3368 exspectarit.
1132 3281 1164 3348 F
1166 3276 1203 3345 e'-

217 3386 329 3460 runt,
360 3377 543 3450 Ottonem
572 3378 844 3468 imperatorem
875 3379 1043 3448 officium
1074 3376 1203 3448 lustri-

220 3495 310 3546 curn
326 3477 543 3566 praestitisse
558 3479 699 3564 Sveini‚
724 3477 805 3550 lilio
820 3481 920 3572 regis
937 3478 1114 3568 Haraldi,
1151 3478 1204 3548 ei-

220 3597 297 3665 que
313 3598 455 3650 nomen
470 3600 580 3648 suum
598 3577 761 3668 dedisse,
788 3603 903 3671 quare
919 3580 971 3650 sic
984 3579 1203 3671 baptizatus

222 3689 300 3763 est,
336 3691 381 3748 ut
402 3678 491 3748 Otto
507 3677 621 3750 Svein
637 3681 854 3750 nominatus
867 3682 927 3750 sit.
978 3681 1203 3772 Imperator,

222 3775 423 3846 consilium
438 3780 515 3848 Olii
528 3781 625 3850 bene
645 3781 847 3852 succesisse
863 3779 1099 3866 existimans,
1131 3783 1204 3849 ite·

221 3898 309 3946 rum
329 3877 577 3970 interrogavit
602 3879 751 3968 Olium,
789 3903 862 3973 qua
880 3881 922 3950 in
948 3893 1051 3952 terra
1075 3897 1204 3963 natus,

222 3998 373 4067 quaque
390 3977 530 4047 familia
555 3993 657 4062 prtus
683 3995 787 4048 esset.
840 3981 1057 4072 Respondet
1074 3983 1201 4067 Qlius:

221 4079 287 4170 qui
316 4077 405 4170 sim,
443 4079 546 4150 haud
574 4078 713 4152 diutius
744 4093 803 4169 te,
841 4081 1022 4152 domnia!-
1046 4082 1203 4168 celabo,
