2534 4778
53 304 92 363 o.
122 303 172 370 93.
426 275 699 369 ''z-„Q
894 282 985 377 217

54 513 244 584 darikiam
273 509 519 600 discessisset,
544 507 673 602 ibique
696 510 949 606 apud-regem
963 515 1049 588 Val-

54 615 255 687 damarern
275 611 458 684 educatus
480 611 635 698 fuisset,
655 611 881 683 ·huio.vero
907 635 1048 685 nomen

51 715 177 786 fuisse
193 717 341 786 Olavus.
410 717 470 786 De
494 712 568 782 hoc
590 711 670 782 viro
700 711 863 782 sollicite
890 733 1048 806 percon·

52 829 161 886 tatus
180 817 306 886 fuerat
325 816 501 911 dynasta,
538 825 578 882 et
599 813 877 904 suspicabatur,
919 815 1050 905 ipsum
1075 801 1081 896 ¹,

54 917 229 987 eundem
252 939 349 1007 esse,
390 917 457 1008 qui
478 915 557 1001 iant
584 913 626 982 in
646 927 766 984 terras
794 913 1047 984 occidentales

51 1019 306 1109 pervenisset.
359 1024 454 1091 Vere
473 1013 645 1108 proximo
661 1029 746 1107 post
760 1013 940 1105 proelium
958 1039 1048 1086 curn

52 1117 193 1214 piratis
216 1118 471 1204 Jomensibus,
512 1115 668 1209 dynasta
691 1116 833 1185 multos
858 1115 1049 1207 principes

53 1219 104 1288 de
129 1215 307 1288 orientali
325 1219 433 1313 regni
454 1231 562 1310 parte
590 1216 636 1286 ad
656 1213 946 1299 se·convocavit;
985 1239 1047 1284 ve-

51 1337 201 1390 nerunt
218 1343 388 1411 quoque,
413 1321 520 1408 jussu
536 1318 718 1410 dynasta«,
753 1315 886 1386 fratres
904 1315 1048 1386 Jostein

53 1435 96 1488 et
117 1420 364 1510 Karlsh'ofud‚
398 1419 597 1490 filii-Eiriki
625 1418 672 1492 de
695 1415 910 1487 Ofrostadis.
972 1416 1048 1487 Ad·

50 1521 133 1590 tuit
158 1520 276 1590 etiam
300 1520 376 1609 vir,
405 1519 562 1592 nomine
588 1519 752 1606 Thorer,
791 1532 1046 1611 cognomento

52 1621 211 1710 Klakka
239 1621 390 1693 Haltoni
405 1622 569 1714 dynastae
590 1615 862 1702 amicissimus'5
887 1618 1046 1686 isaesta·

51 1722 161 1790 tibus
188 1722 390 1814 piraticam
418 1723 543 1792 facere
585 1720 821 1808 consterit,·
849 1717 1047 1790 interdum

51 1845 147 1892 vero
171 1838 426 1893 mercaturam
454 1845 523 1915 per
552 1822 671 1890 varias
697 1819 873 1912 regiones
894 1841 1046 1888 exerce·

51 1923 141 2013 bat,
175 1922 267 1994 hinc
286 1945 463 2016 magnam
480 1921 612 1993 multis
634 1923 677 1990 in
699 1920 792 2008 locis
825 1943 953 1989 rerum
976 1919 1047 1988 ho·

52 2023 286 2116 mitiumque
307 2026 483 2094 notitiam
500 2023 644 2091 habuit.
703 2019 706 2029 '
727 2021 876 2092 Halon.
889 2019 1046 2112 dynasta

54 2147 151 2216 quos
171 2139 441 2197 convocaverat
470 2123 662 2217 principes
685 2121 732 2190 ad
756 2120 961 2192 concilium
979 2120 1043 2188 do·

52 2224 263 2296 mesticum
278 2225 441 2314 admisit,
465 2223 648 2317 atqueita
663 2221 761 2292 fatus
785 2236 863 2292 est:
894 2221 1046 2312 accepi·

53 2349 165 2414 mus,
201 2331 435 2395 transmare
465 2324 701 2395 occidentale
736 2322 876 2408 yarsari
900 2321 1042 2409 virum,

53 2426 126 2518 qui
154 2425 262 2496 Olius
286 2427 471 2498 ¹Gardicus
501 2438 676 2511 vocetur,
725 2445 841 2513 quem
866 2421 1045 2512 equidem

55 2527 197 2617 opinor
215 2527 378 2598 Olavum
399 2529 479 2597 esse
501 2524 687 2618 Tryggvii
703 2522 849 2605 filium;
875 2535 914 2589 et
937 2521 969 2590 si
990 2521 1045 2592 ita

55 2642 143 2713 est,
184 2628 290 2698 brevi
315 2628 362 2698 ab
388 2625 666 2697 estimandum
691 2624 762 2692 erit
780 2620 1045 2717 gravissimum

54 2729 226 2817 bellum,
284 2729 318 2799 si
349 2753 434 2821 .qua
471 2727 661 2810 nancisci*
685 2727 827 2816 poterit
865 2723 1042 2794 subsidia.

54 2833 142 2899 Jam
176 2843 300 2899 vestro
343 2851 528 2900 consensu
567 2851 651 2897 eam
683 2827 872 2894 rationem
901 2823 1043 2893 ineun-

56 2929 150 2998 dam
188 2928 381 3020 duxerim,
433 2952 508 3020 qua
537 2927 723 3019 possimus
760 2925 835 2992 hoc
880 2945 1043 3021 regnum

55 3029 236 3120 quietum
262 3028 412 3114 tenere;
444 3053 609 3120 namque
639 3051 702 3097 me
735 3038 937 3116 pertusum
972 3039 1041 3110 est,

54 3133 179 3200 talem
204 3131 390 3200 sustinere
419 3130 653 3217 tumultum,
688 3126 839 3218 qualem
862 3148 884 3192 a
910 3123 1042 3214 piratis

55 3231 293 3302 lomensibus
301 3231 438 3302 nonita
448 3231 595 3324 pridem
604 3227 907 3320 expertisumus3
926 3247 1042 3316 quare

54 3329 304 3424 potissimum
319 3346 420 3405 ratus
443 3355 551 3421 sum,
583 3332 615 3401 si
638 3330 743 3398 vobis
768 3330 821 3398 ita
840 3325 1041 3417 placuerit,
1078 3349 1082 3360 ¹

54 3433 164 3504 hunc
180 3449 263 3502 arte
281 3432 465 3525 quadarn,
493 3433 637 3528 'exiguis
664 3453 751 3499 vero
777 3429 930 3520 opibus,
960 3425 1062 3496 huo,

54 3533 100 3602 in
128 3547 298 3604 nostram
328 3547 553 3626 potestatem
591 3533 786 3602 deducere.
845 3526 1041 3615 Principes

54 3636 133 3706 hoc
154 3635 345 3726 optimum
361 3634 563 3704 consilium
587 3657 664 3702 esse
683 3627 877 3716 dixerunt,
903 3627 1040 3696 adden-

53 3753 133 3826 tes,
162 3735 260 3807 velle
276 3759 334 3824 se,
355 3736 557 3806 Hakonem
572 3733 776 3826 dynastam,
801 3727 923 3820 quoad
940 3730 1041 3796 vive·

55 3853 138 3925 ret,
166 3837 365 3908 dominum
380 3837 531 3924 habere,
556 3836 708 3903 nullum
719 3846 806 3900 vero
824 3828 1041 3922 principem

57 3953 293 4010 extraneum.
327 3943 431 4012 Tum
446 3938 600 4030 dynasta
616 3935 829 4006 Thorerem
846 3929 1038 4007 Klakkam.

56 4038 230 4110 amicum
258 4063 390 4133 suum,
423 4039 470 4110 ad
497 4061 536 4110 se
560 4036 685 4106 ‘vocari
712 4034 843 4122 jussit,
874 4051 1039 4121 eumque
