2534 4778
294 279 386 372 242
575 291 852 352 m
1015 291 1218 359 onosma

230 512 319 590 satis
327 522 437 598 esset,
460 506 555 576 item
571 503 705 572 lumen
721 497 887 594 aliasque
903 526 962 572 res
976 505 1217 593 necessarias,

232 614 353 696 dedit,
380 633 456 702 quo
471 607 582 692 facto,
604 622 762 691 specum
773 600 884 697 lignis
903 607 1117 694 constravit,
1145 621 1219 674 ter-

230 734 388 804 ramque
402 725 441 778 et
461 709 596 776 funum
609 699 897 794 superingessit,
930 703 1067 774 deinde
1082 728 1216 798 porcos
1252 754 1253 780 ,

231 837 347 904 super
369 807 575 900 compulit,
610 802 675 894 qui
701 801 837 871 fimum
859 805 912 872 ita
932 807 1216 895 conculcarunt,

229 928 276 984 ut
307 913 412 982 nulla
445 917 670 1000 apparerent
697 903 860 973 recentis
888 907 1010 996 operis
1047 907 1215 998 vestigia.

229 1018 320 1086 Post
336 1012 555 1082 haecThora
572 1005 614 1074 in
623 1003 755 1072 villam
770 1025 935 1099 regressa
953 1020 1021 1095 est,
1048 1008 1215 1093 nemine,

229 1128 367 1206 praeter
386 1135 480 1197 eam,
498 1108 674 1193 sciente,¹
697 1105 895 1196 dynastam
911 1106 965 1176 ibi
985 1107 1215 1178 delitescere.
1253 1171 1254 1200 ,

229 1219 312 1286 Hoc
331 1213 425 1280 suile
443 1205 698 1296 saxo-ingenti.
712 1207 885 1296 suberat}
1253 1201 1254 1232 ³

314 1315 458 1382 Hakon
477 1311 649 1402 dynasta
671 1305 720 1374 ab
735 1308 870 1376 Karka
887 1307 1125 1398 interjectus.

219 1436 225 1443 ·
284 1415 371 1503 Cap.
395 1417 466 1482 tols
508 1404 673 1493 Rustici,
707 1407 773 1497 qni
796 1408 994 1478 Halonem
1018 1409 1214 1502 dynastam

230 1513 395 1584 insecuti
415 1512 584 1592 fuerant,
629 1527 749 1596 quum
775 1507 944 1600 primum
978 1511 1214 1596 audiverunt,
1254 1570 1255 1590 ,

232 1619 396 1686 Olavum
422 1606 606 1701 Tryggvii
631 1608 754 1676 lilium
784 1607 826 1678 in
859 1632 1021 1703 regnum
1052 1609 1214 1696 rediisse,
1254 1609 1255 1668 I

232 1739 322 1783 eum
337 1711 602 1782 convenientes
629 1729 774 1776 summa
798 1711 977 1778 comitate
1001 1724 1041 1778 et
1057 1710 1216 1780 benevo-

230 1817 350 1885 lentia
366 1821 610 1901 exceperunt,
620 1808 803 1876 dicentes:
827 1811 1216 1900 exoptatanobiscon-

231 1916 318 2012 tigit
334 1916 507 1997 fortuna,
542 1909 644 1998 quod
672 1923 710 1975 te
734 1909 935 1977 convenire
964 1911 1075 1980 nobis
1099 1909 1215 1998 licuit,
1255 1978 1256 1996 ,

231 2015 334 2107 quod
351 2013 453 2081 idem
471 2010 543 2079 tibi
560 2008 730 2078 futurum
742 2031 948 2098 speramus.
985 2011 1216 2100 Putavimus,
1255 2017 1256 2054 ³

230 2114 430 2184 commisso
446 2134 534 2180 curn
548 2102 681 2199 piratis
699 2110 932 2180 lomensibus
951 2110 1087 2200 proelie
1101 2149 1119 2199 ,·
1136 2112 1217 2180 nul·

231 2217 316 2285 lum
343 2212 423 2282 dari
444 2210 679 2300 principem,
714 2209 864 2280 Hakoni
886 2210 1052 2303 dynastae
1079 2231 1216 2301 parem,

229 2329 309 2386 tum
328 2313 376 2382 ob
394 2309 573 2382 eximiam
603 2311 642 2378 in
657 2361 659 2368 ,
672 2311 900 2402 reportanda
916 2310 1085 2380 victoria
1103 2312 1215 2380 furtu

229 2439 331 2504 nam,
361 2433 475 2504 quam
492 2409 582 2480 alies
599 2411 646 2480 ob
664 2431 724 2480 res
752 2409 1008 2502 virtutesque,
1039 2413 1216 2502 principe
1256 2384 1257 2478 l

229 2518 310 2586 viro
337 2513 489 2606 dignas3
523 2533 640 2610 quara
676 2509 800 2580 omnis
832 2514 998 2602 populus
1039 2513 1080 2580 id
1110 2514 1215 2581 unice

230 2616 388 2710 agebat,
425 2627 470 2682 ut
511 2611 718 2701 imperium
755 2609 922 2703 dynastae
968 2613 1213 2684 confirmaret.

228 2718 433 2804 Postquam
449 2732 536 2780 vero
556 2712 705 2780 malitia
732 2712 936 2805 et·.flagitia
965 2714 1045 2800 ejus
1067 2737 1216 2782 omnem

231 2813 397 2905 exempli
412 2811 569 2880 modum
578 2810 670 2880 adeo
688 2826 942 2898 excesserunt,
953 2825 997 2880 ut
1013 2813 1214 2882 ferrinullo

230 2914 345 2986 modo
365 2925 536 3005 possent,
571 2911 625 2980 ita
652 2913 907 3002 protervitatis
925 2914 1005 3000 ejus
1023 2936 1156 2984 omnes
1171 2913 1215 2981 ci·

228 3037 293 3085 ves
313 3037 416 3084 nunc
438 3013 628 3081 distoesum
649 3029 715 3101 est,
739 3027 878 3082 utnon
897 3013 1010 3082 modo
1031 3037 1123 3083 eum
1139 3033 1214 3103 reg·

229 3141 280 3184 no
298 3137 448 3200 exuere,
477 3112 543 3182 sed
562 3126 600 3180 et
614 3113 690 3182 vita
715 3113 877 3204 spoliare
901 3113 1212 3201 constituerimus,

229 3218 260 3285 si
278 3237 367 3284 eum
384 3235 680 3302 consequemur3
707 3213 808 3305 quod
828 3228 896 3282 tua
914 3236 1029 3305 opera
1047 3229 1086 3282 et
1105 3215 1214 3284 fortu-

228 3339 277 3383 na
302 3337 566 3384 successurum
593 3335 809 3403 speramus,
850 3313 918 3404 qui
943 3329 1045 3382 tanta
1067 3337 1157 3384 usus
1169 3316 1213 3384 sis

228 3418 380 3485 fortuna
414 3415 456 3482 in
495 3413 755 3482 interficiendo
790 3413 976 3504 Erlendo,
1014 3416 1097 3487 filio
1128 3418 1211 3504 ejus.

231 3521 355 3610 Quare
373 3536 534 3601 oramus,
558 3527 602 3582 ut
619 3512 733 3601 hujus
752 3515 924 3584 factionis
949 3516 1126 3608 princeps
1143 3539 1213 3586 esse

228 3619 335 3703 velis,
363 3615 472 3684 etita
491 3628 529 3682 te
548 3614 684 3698 majori
703 3615 879 3707 dignitati
901 3638 1084 3702 reserves3
1117 3617 1214 3686 novi·

227 3739 314 3785 mus
341 3717 464 3803 enim,
497 3729 622 3783 totum
638 3715 753 3802 hujus
778 3711 887 3808 regni
901 3717 1088 3806 populum
1105 3717 1214 3786 maxi-

227 3839 290 3884 me
310 3837 470 3904 cupere,
503 3815 700 3909 progeniei
726 3816 883 3896 Haraldi
907 3819 1134 3886 Pulcricomi
1157 3839 1214 3908 pa·

228 3939 324 4002 rere,
350 3915 519 4005 quamvis
539 3937 617 3984 non
638 3916 706 4002 sit,
732 3916 856 4004 quite
878 3919 1093 4006 praestantia
1110 3917 1213 4008 requi·

227 4029 348 4106 paret.
404 4017 554 4084 Horum
574 4015 746 4084 oratione
763 4015 901 4084 Olavus
925 4017 1133 4087 delectatus
1150 4035 1211 4087 est.

230 4115 403 4209 Deinde,
421 4113 553 4202 juncta
570 4115 671 4184 inter
694 4137 733 4184 se
758 4117 957 4208 societate,
985 4117 1118 4188 rustici
1137 4120 1213 4188 Olu-
