<?xml version="1.0" encoding="UTF-8"?>
<!DOCTYPE html PUBLIC "-//W3C//DTD XHTML 1.0 Transitional//EN"
    "http://www.w3.org/TR/xhtml1/DTD/xhtml1-transitional.dtd">
<html xmlns="http://www.w3.org/1999/xhtml" xml:lang="en" lang="en">
 <head>
  <title>
</title>
<meta http-equiv="Content-Type" content="text/html;charset=utf-8" />
  <meta name='ocr-system' content='tesseract 3.04.00' />
  <meta name='ocr-capabilities' content='ocr_page ocr_carea ocr_par ocr_line ocrx_word'/>
</head>
<body>
  <div class='ocr_page' id='page_1' title='image "./scriptahistoric00dengoog_0150.png"; bbox 0 0 2526 4782; ppageno 0'>
   <div class='ocr_carea' id='block_1_1' title="bbox 54 308 961 405">
    <p class='ocr_par' dir='ltr' id='par_1_1' title="bbox 54 308 961 405">
     <span class='ocr_line' id='line_1_1' title="bbox 54 308 961 405; baseline -0.003 -21"><span class='ocrx_word' id='word_1_1' title='bbox 54 321 233 388; x_wconf 57' lang='lat' dir='ltr'><strong>caat-58.</strong></span> <span class='ocrx_word' id='word_1_2' title='bbox 874 308 961 405; x_wconf 74' lang='lat'><strong>119</strong></span> 
     </span>
    </p>
   </div>
   <div class='ocr_carea' id='block_1_2' title="bbox 37 528 1104 4326">
    <p class='ocr_par' dir='ltr' id='par_1_2' title="bbox 41 528 1040 2020">
     <span class='ocr_line' id='line_1_2' title="bbox 51 528 1027 625; baseline 0.001 -23"><span class='ocrx_word' id='word_1_3' title='bbox 51 535 228 624; x_wconf 73' lang='lat' dir='ltr'>equestri,</span> <span class='ocrx_word' id='word_1_4' title='bbox 270 529 451 620; x_wconf 84' lang='lat' dir='ltr'><strong>omnique</strong></span> <span class='ocrx_word' id='word_1_5' title='bbox 487 528 948 625; x_wconf 75' lang='lat' dir='ltr'><strong>exercitiorumgenere,</strong></span> <span class='ocrx_word' id='word_1_6' title='bbox 988 550 1027 612; x_wconf 81' lang='lat' dir='ltr'><strong>et</strong></span> 
     </span>
     <span class='ocr_line' id='line_1_3' title="bbox 50 629 1025 724; baseline 0.001 -20"><span class='ocrx_word' id='word_1_7' title='bbox 50 635 190 720; x_wconf 84' lang='lat' dir='ltr'><strong>studiis,</strong></span> <span class='ocrx_word' id='word_1_8' title='bbox 208 631 378 724; x_wconf 81' lang='lat' dir='ltr'><strong>principe</strong></span> <span class='ocrx_word' id='word_1_9' title='bbox 396 631 475 698; x_wconf 87' lang='lat' dir='ltr'><strong>viro</strong></span> <span class='ocrx_word' id='word_1_10' title='bbox 494 629 624 722; x_wconf 82' lang='lat' dir='ltr'><strong>dignis,</strong></span> <span class='ocrx_word' id='word_1_11' title='bbox 652 633 901 703; x_wconf 83' lang='lat' dir='ltr'><strong>erudiendum</strong></span> <span class='ocrx_word' id='word_1_12' title='bbox 921 657 1025 706; x_wconf 88' lang='lat' dir='ltr'><strong>cura-</strong></span> 
     </span>
     <span class='ocr_line' id='line_1_4' title="bbox 49 730 1025 824; baseline 0.002 -24"><span class='ocrx_word' id='word_1_13' title='bbox 49 735 117 822; x_wconf 83' lang='lat' dir='ltr'><strong>vit3</strong></span> <span class='ocrx_word' id='word_1_14' title='bbox 140 735 202 802; x_wconf 88' lang='lat' dir='ltr'><strong>hic</strong></span> <span class='ocrx_word' id='word_1_15' title='bbox 220 755 371 824; x_wconf 80' lang='lat' dir='ltr'><strong>quoque</strong></span> <span class='ocrx_word' id='word_1_16' title='bbox 400 730 578 816; x_wconf 59' lang='lat' dir='ltr'><strong>celerius,</strong></span> <span class='ocrx_word' id='word_1_17' title='bbox 610 753 727 819; x_wconf 73' lang='lat' dir='ltr'><strong>quam</strong></span> <span class='ocrx_word' id='word_1_18' title='bbox 751 733 924 823; x_wconf 75' lang='lat' dir='ltr'><strong>plerique</strong></span> <span class='ocrx_word' id='word_1_19' title='bbox 947 735 1025 824; x_wconf 85' lang='lat' dir='ltr'><strong>alii,</strong></span> 
     </span>
     <span class='ocr_line' id='line_1_5' title="bbox 49 831 1025 924; baseline 0 -22"><span class='ocrx_word' id='word_1_20' title='bbox 49 834 189 920; x_wconf 85' lang='lat' dir='ltr'><strong>emnia,</strong></span> <span class='ocrx_word' id='word_1_21' title='bbox 216 855 298 924; x_wconf 88' lang='lat' dir='ltr'><strong>quae</strong></span> <span class='ocrx_word' id='word_1_22' title='bbox 316 831 361 904; x_wconf 87' lang='lat' dir='ltr'><strong>ed</strong></span> <span class='ocrx_word' id='word_1_23' title='bbox 376 831 655 910; x_wconf 74' lang='lat' dir='ltr'><strong>humanitatem</strong></span> <span class='ocrx_word' id='word_1_24' title='bbox 668 831 918 920; x_wconf 69' lang='lat' dir='ltr'><strong>pertinebant,</strong></span> <span class='ocrx_word' id='word_1_25' title='bbox 938 857 1025 923; x_wconf 88' lang='lat' dir='ltr'><strong>per·</strong></span> 
     </span>
     <span class='ocr_line' id='line_1_6' title="bbox 48 929 1040 1022; baseline -0.002 -18"><span class='ocrx_word' id='word_1_26' title='bbox 48 933 219 1022; x_wconf 78' lang='lat' dir='ltr'><strong>cipiebat3</strong></span> <span class='ocrx_word' id='word_1_27' title='bbox 246 954 366 1002; x_wconf 87' lang='lat' dir='ltr'><strong>unum</strong></span> <span class='ocrx_word' id='word_1_28' title='bbox 382 953 469 1001; x_wconf 87' lang='lat' dir='ltr'><strong>vero</strong></span> <span class='ocrx_word' id='word_1_29' title='bbox 487 929 581 1017; x_wconf 80' lang='lat' dir='ltr'><strong>suit,</strong></span> <span class='ocrx_word' id='word_1_30' title='bbox 607 955 680 1019; x_wconf 76' lang='lat' dir='ltr'><strong>que</strong></span> <span class='ocrx_word' id='word_1_31' title='bbox 698 933 739 1002; x_wconf 89' lang='lat' dir='ltr'><strong>in</strong></span> <span class='ocrx_word' id='word_1_32' title='bbox 764 955 806 1000; x_wconf 89' lang='lat' dir='ltr'><strong>re</strong></span> <span class='ocrx_word' id='word_1_33' title='bbox 832 933 1040 1022; x_wconf 51' lang='lat' dir='ltr'><strong>displicuit*</strong></span> 
     </span>
     <span class='ocr_line' id='line_1_7' title="bbox 48 1029 1023 1125; baseline 0.002 -23"><span class='ocrx_word' id='word_1_34' title='bbox 48 1033 139 1125; x_wconf 81' lang='lat' dir='ltr'><strong>regi,</strong></span> <span class='ocrx_word' id='word_1_35' title='bbox 150 1029 502 1124; x_wconf 78' lang='lat' dir='ltr'><strong>quodethniccrum</strong></span> <span class='ocrx_word' id='word_1_36' title='bbox 512 1030 668 1098; x_wconf 86' lang='lat' dir='ltr'><strong>deorum</strong></span> <span class='ocrx_word' id='word_1_37' title='bbox 685 1032 885 1102; x_wconf 87' lang='lat' dir='ltr'><strong>simulacra</strong></span> <span class='ocrx_word' id='word_1_38' title='bbox 897 1035 1023 1104; x_wconf 88' lang='lat' dir='ltr'><strong>colere</strong></span> 
     </span>
     <span class='ocr_line' id='line_1_8' title="bbox 45 1129 1022 1225; baseline 0.002 -25"><span class='ocrx_word' id='word_1_39' title='bbox 45 1155 236 1223; x_wconf 80' lang='lat' dir='ltr'><strong>uunquam</strong></span> <span class='ocrx_word' id='word_1_40' title='bbox 258 1129 379 1204; x_wconf 87' lang='lat' dir='ltr'><strong>voluit</strong></span> <span class='ocrx_word' id='word_1_41' title='bbox 389 1174 406 1217; x_wconf 63' lang='lat'><strong>,2</strong></span> <span class='ocrx_word' id='word_1_42' title='bbox 424 1145 462 1202; x_wconf 89' lang='lat' dir='ltr'><strong>et</strong></span> <span class='ocrx_word' id='word_1_43' title='bbox 477 1151 589 1200; x_wconf 84' lang='lat' dir='ltr'><strong>omne</strong></span> <span class='ocrx_word' id='word_1_44' title='bbox 611 1131 881 1204; x_wconf 71' lang='lat' dir='ltr'><strong>sacrificiorum</strong></span> <span class='ocrx_word' id='word_1_45' title='bbox 902 1155 1022 1225; x_wconf 74' lang='lat' dir='ltr'><strong>genus</strong></span> 
     </span>
     <span class='ocr_line' id='line_1_9' title="bbox 46 1230 1022 1324; baseline 0.002 -22"><span class='ocrx_word' id='word_1_46' title='bbox 46 1251 232 1304; x_wconf 79' lang='lat' dir='ltr'><strong>aversatus</strong></span> <span class='ocrx_word' id='word_1_47' title='bbox 259 1244 324 1304; x_wconf 87' lang='lat' dir='ltr'><strong>est.</strong></span> <span class='ocrx_word' id='word_1_48' title='bbox 379 1234 536 1321; x_wconf 82' lang='lat' dir='ltr'><strong>Semper</strong></span> <span class='ocrx_word' id='word_1_49' title='bbox 552 1230 704 1320; x_wconf 81' lang='lat' dir='ltr'><strong>quidem</strong></span> <span class='ocrx_word' id='word_1_50' title='bbox 732 1252 873 1324; x_wconf 81' lang='lat' dir='ltr'><strong>regem,</strong></span> <span class='ocrx_word' id='word_1_51' title='bbox 892 1235 1022 1304; x_wconf 72' lang='lat' dir='ltr'><strong>sanum</strong></span> 
     </span>
     <span class='ocr_line' id='line_1_10' title="bbox 45 1329 1023 1425; baseline 0.002 -27"><span class='ocrx_word' id='word_1_52' title='bbox 45 1333 256 1416; x_wconf 72' lang='lat' dir='ltr'><strong>adeuntem,</strong></span> <span class='ocrx_word' id='word_1_53' title='bbox 275 1329 474 1406; x_wconf 78' lang='lat' dir='ltr'><strong>comitatus</strong></span> <span class='ocrx_word' id='word_1_54' title='bbox 491 1347 555 1413; x_wconf 75' lang='lat' dir='ltr'><strong>est,</strong></span> <span class='ocrx_word' id='word_1_55' title='bbox 567 1354 760 1419; x_wconf 90' lang='lat' dir='ltr'><strong>nunquam</strong></span> <span class='ocrx_word' id='word_1_56' title='bbox 775 1355 863 1400; x_wconf 89' lang='lat' dir='ltr'><strong>vero</strong></span> <span class='ocrx_word' id='word_1_57' title='bbox 878 1333 1023 1425; x_wconf 82' lang='lat' dir='ltr'><strong>ingres·</strong></span> 
     </span>
     <span class='ocr_line' id='line_1_11' title="bbox 44 1431 1022 1520; baseline 0.002 -18"><span class='ocrx_word' id='word_1_58' title='bbox 44 1447 195 1520; x_wconf 78' lang='lat' dir='ltr'><strong>ausast,</strong></span> <span class='ocrx_word' id='word_1_59' title='bbox 224 1431 289 1498; x_wconf 88' lang='lat' dir='ltr'><strong>sed</strong></span> <span class='ocrx_word' id='word_1_60' title='bbox 309 1442 413 1498; x_wconf 84' lang='lat' dir='ltr'><strong>extra</strong></span> <span class='ocrx_word' id='word_1_61' title='bbox 436 1433 601 1499; x_wconf 88' lang='lat' dir='ltr'><strong>substitit</strong></span> <span class='ocrx_word' id='word_1_62' title='bbox 618 1431 781 1511; x_wconf 77' lang='lat' dir='ltr'><strong>adfores</strong></span> <span class='ocrx_word' id='word_1_63' title='bbox 797 1433 893 1520; x_wconf 84' lang='lat' dir='ltr'><strong>fani,</strong></span> <span class='ocrx_word' id='word_1_64' title='bbox 931 1434 1022 1504; x_wconf 88' lang='lat' dir='ltr'><strong>dum</strong></span> 
     </span>
     <span class='ocr_line' id='line_1_12' title="bbox 43 1529 1021 1621; baseline 0.004 -23"><span class='ocrx_word' id='word_1_65' title='bbox 43 1555 104 1600; x_wconf 87' lang='lat' dir='ltr'><strong>rex</strong></span> <span class='ocrx_word' id='word_1_66' title='bbox 126 1532 310 1602; x_wconf 75' lang='lat' dir='ltr'><strong>sacrificia</strong></span> <span class='ocrx_word' id='word_1_67' title='bbox 331 1529 401 1599; x_wconf 89' lang='lat' dir='ltr'><strong>diis</strong></span> <span class='ocrx_word' id='word_1_68' title='bbox 430 1532 622 1601; x_wconf 85' lang='lat' dir='ltr'><strong>offerebat.</strong></span> <span class='ocrx_word' id='word_1_69' title='bbox 682 1534 764 1602; x_wconf 85' lang='lat' dir='ltr'><strong>Rex</strong></span> <span class='ocrx_word' id='word_1_70' title='bbox 796 1554 892 1621; x_wconf 86' lang='lat' dir='ltr'><strong>saepe</strong></span> <span class='ocrx_word' id='word_1_71' title='bbox 931 1557 1021 1602; x_wconf 89' lang='lat' dir='ltr'><strong>eum</strong></span> 
     </span>
     <span class='ocr_line' id='line_1_13' title="bbox 43 1628 1021 1720; baseline 0.002 -22"><span class='ocrx_word' id='word_1_72' title='bbox 43 1632 209 1720; x_wconf 84' lang='lat' dir='ltr'><strong>monuit,.</strong></span> <span class='ocrx_word' id='word_1_73' title='bbox 224 1654 272 1700; x_wconf 86' lang='lat' dir='ltr'><strong>ne</strong></span> <span class='ocrx_word' id='word_1_74' title='bbox 291 1628 342 1698; x_wconf 83' lang='lat' dir='ltr'><strong>eia</strong></span> <span class='ocrx_word' id='word_1_75' title='bbox 362 1630 539 1700; x_wconf 86' lang='lat' dir='ltr'><strong>iaciendo</strong></span> <span class='ocrx_word' id='word_1_76' title='bbox 551 1632 667 1699; x_wconf 82' lang='lat' dir='ltr'><strong>dedrn</strong></span> <span class='ocrx_word' id='word_1_77' title='bbox 683 1631 776 1698; x_wconf 92' lang='lat' dir='ltr'><strong>iram</strong></span> <span class='ocrx_word' id='word_1_78' title='bbox 795 1651 971 1718; x_wconf 84' lang='lat' dir='ltr'><strong>mererer,</strong></span> <span class='ocrx_word' id='word_1_79' title='bbox 983 1647 1021 1700; x_wconf 84' lang='lat' dir='ltr'><strong>et</strong></span> 
     </span>
     <span class='ocr_line' id='line_1_14' title="bbox 42 1731 1017 1820; baseline -0.001 -17"><span class='ocrx_word' id='word_1_80' title='bbox 42 1755 82 1803; x_wconf 85' lang='lat' dir='ltr'><strong>ca</strong></span> <span class='ocrx_word' id='word_1_81' title='bbox 98 1731 143 1800; x_wconf 86' lang='lat' dir='ltr'><strong>de</strong></span> <span class='ocrx_word' id='word_1_82' title='bbox 169 1753 281 1802; x_wconf 81' lang='lat' dir='ltr'><strong>cauae</strong></span> <span class='ocrx_word' id='word_1_83' title='bbox 295 1732 428 1808; x_wconf 85' lang='lat' dir='ltr'><strong>florem</strong></span> <span class='ocrx_word' id='word_1_84' title='bbox 449 1731 566 1800; x_wconf 83' lang='lat' dir='ltr'><strong>aetatis</strong></span> <span class='ocrx_word' id='word_1_85' title='bbox 585 1731 779 1820; x_wconf 86' lang='lat' dir='ltr'><strong>perderet·</strong></span> <span class='ocrx_word' id='word_1_86' title='bbox 806 1753 923 1820; x_wconf 89' lang='lat' dir='ltr'><strong>quare</strong></span> <span class='ocrx_word' id='word_1_87' title='bbox 952 1755 1017 1802; x_wconf 87' lang='lat' dir='ltr'><strong>oro</strong></span> 
     </span>
     <span class='ocr_line' id='line_1_15' title="bbox 42 1829 1017 1920; baseline 0.004 -22"><span class='ocrx_word' id='word_1_88' title='bbox 42 1845 93 1917; x_wconf 88' lang='lat' dir='ltr'><strong>te,</strong></span> <span class='ocrx_word' id='word_1_89' title='bbox 122 1832 177 1902; x_wconf 82' lang='lat' dir='ltr'><strong>ait</strong></span> <span class='ocrx_word' id='word_1_90' title='bbox 204 1853 289 1917; x_wconf 82' lang='lat' dir='ltr'><strong>rex,</strong></span> <span class='ocrx_word' id='word_1_91' title='bbox 331 1843 376 1898; x_wconf 87' lang='lat' dir='ltr'><strong>ut</strong></span> <span class='ocrx_word' id='word_1_92' title='bbox 397 1829 483 1901; x_wconf 87' lang='lat' dir='ltr'><strong>deos</strong></span> <span class='ocrx_word' id='word_1_93' title='bbox 511 1833 633 1918; x_wconf 56' lang='lat' dir='ltr'><strong>colas:²</strong></span> <span class='ocrx_word' id='word_1_94' title='bbox 676 1853 812 1920; x_wconf 87' lang='lat' dir='ltr'><strong>eosque</strong></span> <span class='ocrx_word' id='word_1_95' title='bbox 836 1833 1017 1902; x_wconf 86' lang='lat' dir='ltr'><strong>submisso</strong></span> 
     </span>
     <span class='ocr_line' id='line_1_16' title="bbox 41 1929 1017 2020; baseline 0.002 -24"><span class='ocrx_word' id='word_1_96' title='bbox 41 1929 594 2020; x_wconf 76' lang='lat' dir='ltr'><strong>animoplacntostibireddas;</strong></span> <span class='ocrx_word' id='word_1_97' title='bbox 634 1931 788 2020; x_wconf 89' lang='lat' dir='ltr'><strong>quod</strong></span> <span class='ocrx_word' id='word_1_98' title='bbox 752 1931 921 2014; x_wconf 79' lang='lat' dir='ltr'><strong>mincis,</strong></span> <span class='ocrx_word' id='word_1_99' title='bbox 957 1956 1017 1998; x_wconf 88' lang='lat' dir='ltr'><strong>ve·</strong></span> 
     </span>
    </p>

    <p class='ocr_par' dir='ltr' id='par_1_3' title="bbox 40 2029 1017 2720">
     <span class='ocr_line' id='line_1_17' title="bbox 42 2029 1016 2119; baseline 0.004 -23"><span class='ocrx_word' id='word_1_100' title='bbox 42 2053 140 2116; x_wconf 71' lang='lat' dir='ltr'><strong>reor,</strong></span> <span class='ocrx_word' id='word_1_101' title='bbox 172 2045 280 2104; x_wconf 80' lang='lat' dir='ltr'><strong>nete</strong></span> <span class='ocrx_word' id='word_1_102' title='bbox 306 2029 434 2118; x_wconf 88' lang='lat' dir='ltr'><strong>aliquo</strong></span> <span class='ocrx_word' id='word_1_103' title='bbox 464 2030 609 2100; x_wconf 85' lang='lat' dir='ltr'><strong>terrore</strong></span> <span class='ocrx_word' id='word_1_104' title='bbox 640 2045 907 2119; x_wconf 79' lang='lat' dir='ltr'><strong>tempestuosae</strong></span> <span class='ocrx_word' id='word_1_105' title='bbox 941 2055 1016 2100; x_wconf 87' lang='lat' dir='ltr'><strong>suae</strong></span> 
     </span>
     <span class='ocr_line' id='line_1_18' title="bbox 40 2129 1016 2221; baseline 0.003 -26"><span class='ocrx_word' id='word_1_106' title='bbox 40 2129 97 2198; x_wconf 77' lang='lat' dir='ltr'><strong>ire</strong></span> <span class='ocrx_word' id='word_1_107' title='bbox 113 2141 153 2198; x_wconf 86' lang='lat' dir='ltr'><strong>et</strong></span> <span class='ocrx_word' id='word_1_108' title='bbox 168 2131 316 2200; x_wconf 67' lang='lat' dir='ltr'><strong>sevitie</strong></span> <span class='ocrx_word' id='word_1_109' title='bbox 332 2129 618 2218; x_wconf 77' lang='lat' dir='ltr'><strong>superfundant,</strong></span> <span class='ocrx_word' id='word_1_110' title='bbox 647 2153 735 2200; x_wconf 88' lang='lat' dir='ltr'><strong>cum</strong></span> <span class='ocrx_word' id='word_1_111' title='bbox 760 2143 865 2200; x_wconf 86' lang='lat' dir='ltr'><strong>tento</strong></span> <span class='ocrx_word' id='word_1_112' title='bbox 892 2132 932 2200; x_wconf 86' lang='lat' dir='ltr'><strong>in</strong></span> <span class='ocrx_word' id='word_1_113' title='bbox 952 2153 1016 2221; x_wconf 88' lang='lat' dir='ltr'><strong>pe-</strong></span> 
     </span>
     <span class='ocr_line' id='line_1_19' title="bbox 41 2227 1017 2321; baseline 0.006 -27"><span class='ocrx_word' id='word_1_114' title='bbox 41 2227 154 2302; x_wconf 85' lang='lat' dir='ltr'><strong>riculo</strong></span> <span class='ocrx_word' id='word_1_115' title='bbox 170 2231 397 2300; x_wconf 87' lang='lat' dir='ltr'><strong>constitutus</strong></span> <span class='ocrx_word' id='word_1_116' title='bbox 418 2231 475 2298; x_wconf 78' lang='lat' dir='ltr'><strong>sis</strong></span> <span class='ocrx_word' id='word_1_117' title='bbox 518 2228 657 2300; x_wconf 84' lang='lat' dir='ltr'><strong>Olevus</strong></span> <span class='ocrx_word' id='word_1_118' title='bbox 674 2230 892 2319; x_wconf 82' lang='lat' dir='ltr'><strong>respondet:</strong></span> <span class='ocrx_word' id='word_1_119' title='bbox 911 2233 1017 2321; x_wconf 78' lang='lat' dir='ltr'><strong>equi-</strong></span> 
     </span>
     <span class='ocr_line' id='line_1_20' title="bbox 42 2328 1015 2420; baseline 0.002 -24"><span class='ocrx_word' id='word_1_120' title='bbox 42 2328 120 2400; x_wconf 87' lang='lat' dir='ltr'><strong>dem</strong></span> <span class='ocrx_word' id='word_1_121' title='bbox 146 2330 253 2417; x_wconf 81' lang='lat' dir='ltr'><strong>deos,</strong></span> <span class='ocrx_word' id='word_1_122' title='bbox 286 2351 378 2419; x_wconf 92' lang='lat' dir='ltr'><strong>quos</strong></span> <span class='ocrx_word' id='word_1_123' title='bbox 403 2331 512 2408; x_wconf 69' lang='lat' dir='ltr'><strong>colis,</strong></span> <span class='ocrx_word' id='word_1_124' title='bbox 548 2331 676 2398; x_wconf 84' lang='lat' dir='ltr'><strong>nullus</strong></span> <span class='ocrx_word' id='word_1_125' title='bbox 715 2330 853 2417; x_wconf 82' lang='lat' dir='ltr'><strong>timeo,</strong></span> <span class='ocrx_word' id='word_1_126' title='bbox 889 2353 1015 2420; x_wconf 81' lang='lat' dir='ltr'><strong>neque</strong></span> 
     </span>
     <span class='ocr_line' id='line_1_21' title="bbox 42 2431 1013 2544; baseline 0.003 -49"><span class='ocrx_word' id='word_1_127' title='bbox 42 2431 134 2498; x_wconf 86' lang='lat' dir='ltr'><strong>enim</strong></span> <span class='ocrx_word' id='word_1_128' title='bbox 152 2432 437 2516; x_wconf 75' lang='lat' dir='ltr'><strong>sermonisuso,</strong></span> <span class='ocrx_word' id='word_1_129' title='bbox 459 2453 583 2544; x_wconf 79' lang='lat' dir='ltr'><strong>neq-ue</strong></span> <span class='ocrx_word' id='word_1_130' title='bbox 601 2432 699 2516; x_wconf 80' lang='lat' dir='ltr'><strong>visu,</strong></span> <span class='ocrx_word' id='word_1_131' title='bbox 725 2451 848 2517; x_wconf 84' lang='lat' dir='ltr'><strong>neque</strong></span> <span class='ocrx_word' id='word_1_132' title='bbox 869 2433 1013 2517; x_wconf 86' lang='lat' dir='ltr'><strong>auditu,</strong></span> 
     </span>
     <span class='ocr_line' id='line_1_22' title="bbox 42 2528 1013 2621; baseline 0.002 -25"><span class='ocrx_word' id='word_1_133' title='bbox 42 2531 209 2618; x_wconf 76' lang='lat' dir='ltr'><strong>gaudent,</strong></span> <span class='ocrx_word' id='word_1_134' title='bbox 218 2551 342 2620; x_wconf 88' lang='lat' dir='ltr'><strong>neque</strong></span> <span class='ocrx_word' id='word_1_135' title='bbox 358 2529 499 2608; x_wconf 83' lang='lat' dir='ltr'><strong>habent</strong></span> <span class='ocrx_word' id='word_1_136' title='bbox 508 2531 685 2600; x_wconf 84' lang='lat' dir='ltr'><strong>re1ulhus</strong></span> <span class='ocrx_word' id='word_1_137' title='bbox 702 2528 1013 2621; x_wconf 67' lang='lat' dir='ltr'><strong>intelligentiam</strong></span> 
     </span>
     <span class='ocr_line' id='line_1_23' title="bbox 40 2629 1013 2720; baseline 0.003 -27"><span class='ocrx_word' id='word_1_138' title='bbox 40 2629 118 2700; x_wconf 88' lang='lat' dir='ltr'><strong>inde</strong></span> <span class='ocrx_word' id='word_1_139' title='bbox 134 2654 233 2702; x_wconf 82' lang='lat' dir='ltr'><strong>vero</strong></span> <span class='ocrx_word' id='word_1_140' title='bbox 240 2646 419 2701; x_wconf 81' lang='lat' dir='ltr'><strong>naturam</strong></span> <span class='ocrx_word' id='word_1_141' title='bbox 429 2651 561 2703; x_wconf 85' lang='lat' dir='ltr'><strong>eorum</strong></span> <span class='ocrx_word' id='word_1_142' title='bbox 578 2629 817 2720; x_wconf 85' lang='lat' dir='ltr'><strong>potissimum</strong></span> <span class='ocrx_word' id='word_1_143' title='bbox 842 2631 933 2712; x_wconf 80' lang='lat' dir='ltr'><strong>mihi</strong></span> <span class='ocrx_word' id='word_1_144' title='bbox 960 2630 1013 2696; x_wconf 91' lang='lat' dir='ltr'><strong>vi-</strong></span> 
     </span>
    </p>

    <p class='ocr_par' dir='ltr' id='par_1_4' title="bbox 42 2699 1013 2820">
     <span class='ocr_line' id='line_1_24' title="bbox 42 2699 1013 2820; baseline 0.006 -26"><span class='ocrx_word' id='word_1_145' title='bbox 42 2727 123 2798; x_wconf 82' lang='lat' dir='ltr'><strong>deor</strong></span> <span class='ocrx_word' id='word_1_146' title='bbox 148 2729 378 2820; x_wconf 75' lang='lat' dir='ltr'><strong>intelligere,</strong></span> <span class='ocrx_word' id='word_1_147' title='bbox 402 2731 506 2818; x_wconf 91' lang='lat' dir='ltr'><strong>quod</strong></span> <span class='ocrx_word' id='word_1_148' title='bbox 519 2745 583 2798; x_wconf 83' lang='lat' dir='ltr'><strong>tua</strong></span> <span class='ocrx_word' id='word_1_149' title='bbox 599 2753 765 2820; x_wconf 85' lang='lat' dir='ltr'><strong>semper,</strong></span> <span class='ocrx_word' id='word_1_150' title='bbox 792 2699 907 2798; x_wconf 86' lang='lat' dir='ltr'><strong>altor!</strong></span> <span class='ocrx_word' id='word_1_151' title='bbox 936 2755 1013 2801; x_wconf 87' lang='lat' dir='ltr'><strong>ma</strong></span> 
     </span>
    </p>

    <p class='ocr_par' dir='ltr' id='par_1_5' title="bbox 40 2827 1009 3020">
     <span class='ocr_line' id='line_1_25' title="bbox 40 2827 1009 2922; baseline 0.004 -28"><span class='ocrx_word' id='word_1_152' title='bbox 40 2827 146 2913; x_wconf 79' lang='lat' dir='ltr'><strong>jesus</strong></span> <span class='ocrx_word' id='word_1_153' title='bbox 154 2846 195 2900; x_wconf 88' lang='lat' dir='ltr'><strong>et</strong></span> <span class='ocrx_word' id='word_1_154' title='bbox 210 2829 330 2898; x_wconf 78' lang='lat' dir='ltr'><strong>iacies</strong></span> <span class='ocrx_word' id='word_1_155' title='bbox 343 2829 479 2901; x_wconf 75' lang='lat' dir='ltr'><strong>alendo</strong></span> <span class='ocrx_word' id='word_1_156' title='bbox 499 2845 536 2898; x_wconf 85' lang='lat' dir='ltr'><strong>et</strong></span> <span class='ocrx_word' id='word_1_157' title='bbox 552 2852 683 2900; x_wconf 88' lang='lat' dir='ltr'><strong>sereno</strong></span> <span class='ocrx_word' id='word_1_158' title='bbox 710 2833 815 2900; x_wconf 89' lang='lat' dir='ltr'><strong>vultu</strong></span> <span class='ocrx_word' id='word_1_159' title='bbox 842 2844 1009 2922; x_wconf 81' lang='lat' dir='ltr'><strong>apparet,</strong></span> 
     </span>
     <span class='ocr_line' id='line_1_26' title="bbox 40 2928 1008 3020; baseline 0.005 -26"><span class='ocrx_word' id='word_1_160' title='bbox 40 2928 101 3004; x_wconf 82' lang='lat' dir='ltr'><strong>nisi</strong></span> <span class='ocrx_word' id='word_1_161' title='bbox 117 2929 414 3020; x_wconf 68' lang='lat' dir='ltr'><strong>qua-odorariam</strong></span> <span class='ocrx_word' id='word_1_162' title='bbox 433 2928 511 3008; x_wconf 88' lang='lat' dir='ltr'><strong>adis</strong></span> <span class='ocrx_word' id='word_1_163' title='bbox 534 2945 571 2998; x_wconf 86' lang='lat' dir='ltr'><strong>et</strong></span> <span class='ocrx_word' id='word_1_164' title='bbox 594 2929 773 2998; x_wconf 79' lang='lat' dir='ltr'><strong>sacrificia</strong></span> <span class='ocrx_word' id='word_1_165' title='bbox 792 2932 863 3000; x_wconf 83' lang='lat' dir='ltr'><strong>diis·</strong></span> <span class='ocrx_word' id='word_1_166' title='bbox 885 2931 1008 3017; x_wconf 73' lang='lat' dir='ltr'><strong>offere,</strong></span> 
     </span>
    </p>

    <p class='ocr_par' dir='ltr' id='par_1_6' title="bbox 38 3027 1104 3622">
     <span class='ocr_line' id='line_1_27' title="bbox 40 3027 1011 3118; baseline -0.002 -18"><span class='ocrx_word' id='word_1_167' title='bbox 40 3037 116 3100; x_wconf 81' lang='lat' dir='ltr'><strong>tum</strong></span> <span class='ocrx_word' id='word_1_168' title='bbox 133 3027 239 3101; x_wconf 81' lang='lat' dir='ltr'><strong>enim</strong></span> <span class='ocrx_word' id='word_1_169' title='bbox 259 3031 459 3098; x_wconf 86' lang='lat' dir='ltr'><strong>obscurum</strong></span> <span class='ocrx_word' id='word_1_170' title='bbox 475 3044 513 3098; x_wconf 84' lang='lat' dir='ltr'><strong>et</strong></span> <span class='ocrx_word' id='word_1_171' title='bbox 528 3030 733 3099; x_wconf 84' lang='lat' dir='ltr'><strong>infaustum</strong></span> <span class='ocrx_word' id='word_1_172' title='bbox 747 3031 1011 3118; x_wconf 78' lang='lat' dir='ltr'><strong>praeferrevul·</strong></span> 
     </span>
     <span class='ocr_line' id='line_1_28' title="bbox 40 3128 1023 3218; baseline 0.004 -26"><span class='ocrx_word' id='word_1_173' title='bbox 40 3138 112 3196; x_wconf 87' lang='lat' dir='ltr'><strong>tum</strong></span> <span class='ocrx_word' id='word_1_174' title='bbox 129 3128 293 3212; x_wconf 56' lang='lat' dir='ltr'><strong>viderim</strong></span> <span class='ocrx_word' id='word_1_175' title='bbox 322 3130 420 3201; x_wconf 84' lang='lat' dir='ltr'><strong>unde</strong></span> <span class='ocrx_word' id='word_1_176' title='bbox 444 3129 646 3213; x_wconf 88' lang='lat' dir='ltr'><strong>concludo,</strong></span> <span class='ocrx_word' id='word_1_177' title='bbox 680 3129 754 3196; x_wconf 86' lang='lat' dir='ltr'><strong>hos·</strong></span> <span class='ocrx_word' id='word_1_178' title='bbox 774 3129 885 3216; x_wconf 87' lang='lat' dir='ltr'><strong>deos,</strong></span> <span class='ocrx_word' id='word_1_179' title='bbox 918 3151 1023 3218; x_wconf 81' lang='lat' dir='ltr'><strong>quos·</strong></span> 
     </span>
     <span class='ocr_line' id='line_1_29' title="bbox 41 3229 1104 3319; baseline 0.004 -27"><span class='ocrx_word' id='word_1_180' title='bbox 41 3229 135 3318; x_wconf 85' lang='lat' dir='ltr'><strong>coiis,</strong></span> <span class='ocrx_word' id='word_1_181' title='bbox 175 3231 341 3301; x_wconf 81' lang='lat' dir='ltr'><strong>tenebris</strong></span> <span class='ocrx_word' id='word_1_182' title='bbox 370 3251 543 3319; x_wconf 80' lang='lat' dir='ltr'><strong>praeesee;</strong></span> <span class='ocrx_word' id='word_1_183' title='bbox 587 3229 825 3318; x_wconf 75' lang='lat' dir='ltr'><strong>queremini</strong></span> <span class='ocrx_word' id='word_1_184' title='bbox 852 3230 1010 3298; x_wconf 77' lang='lat' dir='ltr'><strong>destina·</strong></span> <span class='ocrx_word' id='word_1_185' title='bbox 1101 3265 1104 3272; x_wconf 50' lang='lat'><strong>⁴</strong></span> 
     </span>
     <span class='ocr_line' id='line_1_30' title="bbox 39 3328 1009 3419; baseline 0.004 -25"><span class='ocrx_word' id='word_1_186' title='bbox 39 3338 110 3398; x_wconf 83' lang='lat' dir='ltr'><strong>tum</strong></span> <span class='ocrx_word' id='word_1_187' title='bbox 128 3343 212 3414; x_wconf 35' lang='lat' dir='ltr'><strong>esti</strong></span> <span class='ocrx_word' id='word_1_188' title='bbox 244 3353 437 3419; x_wconf 85' lang='lat' dir='ltr'><strong>uunquam</strong></span> <span class='ocrx_word' id='word_1_189' title='bbox 462 3353 526 3398; x_wconf 84' lang='lat' dir='ltr'><strong>eos</strong></span> <span class='ocrx_word' id='word_1_190' title='bbox 554 3333 678 3399; x_wconf 86' lang='lat' dir='ltr'><strong>colere</strong></span> <span class='ocrx_word' id='word_1_191' title='bbox 721 3328 805 3398; x_wconf 88' lang='lat' dir='ltr'><strong>ideo</strong></span> <span class='ocrx_word' id='word_1_192' title='bbox 831 3353 918 3398; x_wconf 78' lang='lat' dir='ltr'><strong>vero</strong></span> <span class='ocrx_word' id='word_1_193' title='bbox 947 3353 1009 3398; x_wconf 86' lang='lat' dir='ltr'><strong>eos</strong></span> 
     </span>
     <span class='ocr_line' id='line_1_31' title="bbox 40 3427 1009 3520; baseline -0.004 -20"><span class='ocrx_word' id='word_1_194' title='bbox 40 3427 131 3500; x_wconf 77' lang='lat' dir='ltr'><strong>nulla</strong></span> <span class='ocrx_word' id='word_1_195' title='bbox 160 3430 282 3498; x_wconf 83' lang='lat' dir='ltr'><strong>afficio</strong></span> <span class='ocrx_word' id='word_1_196' title='bbox 301 3432 549 3518; x_wconf 57' lang='lat' dir='ltr'><strong>contumelia»,</strong></span> <span class='ocrx_word' id='word_1_197' title='bbox 591 3429 690 3520; x_wconf 90' lang='lat' dir='ltr'><strong>quod</strong></span> <span class='ocrx_word' id='word_1_198' title='bbox 713 3437 819 3498; x_wconf 86' lang='lat' dir='ltr'><strong>tuam</strong></span> <span class='ocrx_word' id='word_1_199' title='bbox 854 3451 1009 3500; x_wconf 78' lang='lat' dir='ltr'><strong>inovere</strong></span> 
     </span>
     <span class='ocr_line' id='line_1_32' title="bbox 38 3528 439 3622; baseline 0.002 -26"><span class='ocrx_word' id='word_1_200' title='bbox 38 3528 114 3596; x_wconf 86' lang='lat' dir='ltr'><strong>nolo</strong></span> <span class='ocrx_word' id='word_1_201' title='bbox 128 3529 439 3622; x_wconf 82' lang='lat' dir='ltr'><strong>indignationem.</strong></span> 
     </span>
    </p>

    <p class='ocr_par' dir='ltr' id='par_1_7' title="bbox 191 3629 836 3722">
     <span class='ocr_line' id='line_1_33' title="bbox 191 3629 836 3722; baseline -0.006 -22"><span class='ocrx_word' id='word_1_202' title='bbox 191 3633 328 3700; x_wconf 82' lang='lat' dir='ltr'><strong>Primo</strong></span> <span class='ocrx_word' id='word_1_203' title='bbox 351 3629 545 3722; x_wconf 76' lang='lat' dir='ltr'><strong>expeditio</strong></span> <span class='ocrx_word' id='word_1_204' title='bbox 573 3629 674 3722; x_wconf 82' lang='lat' dir='ltr'><strong>regis</strong></span> <span class='ocrx_word' id='word_1_205' title='bbox 708 3629 836 3698; x_wconf 80' lang='lat' dir='ltr'><strong>Olavi.</strong></span> 
     </span>
    </p>

    <p class='ocr_par' dir='ltr' id='par_1_8' title="bbox 37 3725 1006 4326">
     <span class='ocr_line' id='line_1_34' title="bbox 52 3725 1006 3820; baseline -0.006 -22"><span class='ocrx_word' id='word_1_206' title='bbox 52 3779 56 3788; x_wconf 84' lang='lat'><em>·</em></span> <span class='ocrx_word' id='word_1_207' title='bbox 92 3729 169 3820; x_wconf 87' lang='lat' dir='ltr'><strong>Cap</strong></span> <span class='ocrx_word' id='word_1_208' title='bbox 201 3741 253 3805; x_wconf 82' lang='lat'><strong>58.</strong></span> <span class='ocrx_word' id='word_1_209' title='bbox 298 3731 449 3814; x_wconf 80' lang='lat' dir='ltr'><strong>Dicitur</strong></span> <span class='ocrx_word' id='word_1_210' title='bbox 489 3730 628 3797; x_wconf 82' lang='lat' dir='ltr'><strong>Oievus</strong></span> <span class='ocrx_word' id='word_1_211' title='bbox 670 3727 851 3820; x_wconf 79' lang='lat' dir='ltr'><strong>Tryggvii</strong></span> <span class='ocrx_word' id='word_1_212' title='bbox 893 3725 1006 3812; x_wconf 79' lang='lat' dir='ltr'><strong>filius,</strong></span> 
     </span>
     <span class='ocr_line' id='line_1_35' title="bbox 37 3827 1006 3914; baseline 0.001 -20"><span class='ocrx_word' id='word_1_213' title='bbox 37 3848 111 3907; x_wconf 83' lang='lat' dir='ltr'><strong>cum</strong></span> <span class='ocrx_word' id='word_1_214' title='bbox 141 3829 342 3908; x_wconf 82' lang='lat' dir='ltr'><strong>duodecim</strong></span> <span class='ocrx_word' id='word_1_215' title='bbox 365 3852 566 3908; x_wconf 62' lang='lat' dir='ltr'><strong>,annornm</strong></span> <span class='ocrx_word' id='word_1_216' title='bbox 602 3840 731 3914; x_wconf 74' lang='lat' dir='ltr'><strong>esset„</strong></span> <span class='ocrx_word' id='word_1_217' title='bbox 767 3829 811 3894; x_wconf 84' lang='lat' dir='ltr'><strong>ab</strong></span> <span class='ocrx_word' id='word_1_218' title='bbox 846 3827 1006 3896; x_wconf 86' lang='lat' dir='ltr'><strong>nutricio</strong></span> 
     </span>
     <span class='ocr_line' id='line_1_36' title="bbox 37 3925 1006 4024; baseline 0 -28"><span class='ocrx_word' id='word_1_219' title='bbox 37 3948 93 4014; x_wconf 81' lang='lat' dir='ltr'><strong>spo</strong></span> <span class='ocrx_word' id='word_1_220' title='bbox 109 3930 299 4019; x_wconf 81' lang='lat' dir='ltr'><strong>petivisse,</strong></span> <span class='ocrx_word' id='word_1_221' title='bbox 326 3947 369 4000; x_wconf 88' lang='lat' dir='ltr'><strong>ut</strong></span> <span class='ocrx_word' id='word_1_222' title='bbox 386 3952 499 4000; x_wconf 86' lang='lat' dir='ltr'><strong>naves</strong></span> <span class='ocrx_word' id='word_1_223' title='bbox 533 3929 686 4024; x_wconf 81' lang='lat' dir='ltr'><strong>bellicas</strong></span> <span class='ocrx_word' id='word_1_224' title='bbox 713 3941 752 4020; x_wconf 79' lang='lat' dir='ltr'><strong>et</strong></span> <span class='ocrx_word' id='word_1_225' title='bbox 787 3928 910 4018; x_wconf 83' lang='lat' dir='ltr'><strong>copias</strong></span> <span class='ocrx_word' id='word_1_226' title='bbox 936 3925 1006 3996; x_wconf 82' lang='lat' dir='ltr'><strong>sihi</strong></span> 
     </span>
     <span class='ocr_line' id='line_1_37' title="bbox 38 4027 1004 4124; baseline -0.003 -28"><span class='ocrx_word' id='word_1_227' title='bbox 38 4027 148 4114; x_wconf 76' lang='lat' dir='ltr'><strong>daret3</strong></span> <span class='ocrx_word' id='word_1_228' title='bbox 184 4053 259 4120; x_wconf 86' lang='lat' dir='ltr'><strong>quo</strong></span> <span class='ocrx_word' id='word_1_229' title='bbox 285 4033 330 4100; x_wconf 89' lang='lat' dir='ltr'><strong>ab</strong></span> <span class='ocrx_word' id='word_1_230' title='bbox 356 4054 442 4124; x_wconf 80' lang='lat' dir='ltr'><strong>rege</strong></span> <span class='ocrx_word' id='word_1_231' title='bbox 465 4031 640 4102; x_wconf 87' lang='lat' dir='ltr'><strong>lubenter</strong></span> <span class='ocrx_word' id='word_1_232' title='bbox 660 4051 856 4113; x_wconf 85' lang='lat' dir='ltr'><strong>concesso,</strong></span> <span class='ocrx_word' id='word_1_233' title='bbox 895 4045 1004 4095; x_wconf 88' lang='lat' dir='ltr'><strong>naves</strong></span> 
     </span>
     <span class='ocr_line' id='line_1_38' title="bbox 39 4128 1004 4220; baseline -0.002 -29"><span class='ocrx_word' id='word_1_234' title='bbox 39 4140 69 4192; x_wconf 88' lang='lat' dir='ltr'><strong>et</strong></span> <span class='ocrx_word' id='word_1_235' title='bbox 99 4133 222 4220; x_wconf 84' lang='lat' dir='ltr'><strong>copias</strong></span> <span class='ocrx_word' id='word_1_236' title='bbox 254 4133 462 4220; x_wconf 84' lang='lat' dir='ltr'><strong>apparavit,</strong></span> <span class='ocrx_word' id='word_1_237' title='bbox 502 4147 559 4210; x_wconf 87' lang='lat' dir='ltr'><strong>et,</strong></span> <span class='ocrx_word' id='word_1_238' title='bbox 600 4143 801 4217; x_wconf 78' lang='lat' dir='ltr'><strong>antequam</strong></span> <span class='ocrx_word' id='word_1_239' title='bbox 832 4128 1004 4218; x_wconf 63' lang='lat' dir='ltr'><strong>diecessea</strong></span> 
     </span>
     <span class='ocr_line' id='line_1_39' title="bbox 38 4227 1004 4326; baseline -0.002 -32"><span class='ocrx_word' id='word_1_240' title='bbox 38 4243 97 4314; x_wconf 86' lang='lat' dir='ltr'><strong>ret,</strong></span> <span class='ocrx_word' id='word_1_241' title='bbox 134 4232 305 4319; x_wconf 88' lang='lat' dir='ltr'><strong>quaesivit</strong></span> <span class='ocrx_word' id='word_1_242' title='bbox 322 4233 368 4300; x_wconf 85' lang='lat' dir='ltr'><strong>nb</strong></span> <span class='ocrx_word' id='word_1_243' title='bbox 397 4255 507 4326; x_wconf 81' lang='lat' dir='ltr'><strong>rege,</strong></span> <span class='ocrx_word' id='word_1_244' title='bbox 534 4255 582 4300; x_wconf 83' lang='lat' dir='ltr'><strong>an</strong></span> <span class='ocrx_word' id='word_1_245' title='bbox 610 4231 718 4295; x_wconf 89' lang='lat' dir='ltr'><strong>urbes</strong></span> <span class='ocrx_word' id='word_1_246' title='bbox 744 4227 913 4316; x_wconf 83' lang='lat' dir='ltr'><strong>quaedam</strong></span> <span class='ocrx_word' id='word_1_247' title='bbox 938 4240 1004 4292; x_wconf 86' lang='lat' dir='ltr'><strong>aut</strong></span> 
     </span>
    </p>
   </div>
   <div class='ocr_carea' id='block_1_3' title="bbox 0 0 1268 4782">
    <p class='ocr_par' dir='ltr' id='par_1_9' title="bbox 0 0 1268 4782">
     <span class='ocr_line' id='line_1_40' title="bbox 0 0 1268 4782; baseline 0 4"><span class='ocrx_word' id='word_1_248' title='bbox 0 0 1268 4782; x_wconf 95' lang='lat' dir='ltr'><strong> </strong></span> 
     </span>
    </p>
   </div>
  </div>
 </body>
</html>
