2526 4782
23 265 267 344 tom-ac.
438 231 707 346 ··'··........···=.···„..
936 261 995 356 75

21 525 23 596 μ
74 489 241 574 dynastae
270 486 550 580 proponebaut3
585 485 825 603 deductaque
851 515 895 560 eo
915 508 1057 579 restat,

20 571 23 678 l
71 591 313 679 amplissimis
341 587 579 655 hortantibus
605 589 706 676 viris,
742 605 785 659 ut
808 594 946 681 paxita
969 617 1056 664 con·

19 685 22 750 l
71 687 1055 778 veniretutHakontautnndemditionisinThrand·

18 817 19 824 ¹
18 789 205 858 heimo
225 805 384 904 teneret,
407 802 593 880 quantum
611 805 783 859 tenuerat
796 791 974 889 Sigurdus
990 796 1055 886 dy·

18 945 19 948 *
68 902 178 958 nasta
196 906 304 981 pater
323 891 423 977 ejus,
447 910 554 981 reges
572 911 672 977 vero,
695 905 877 982 quantum
894 917 959 962 rex
979 897 1056 966 Ha·

68 989 150 1058 lton
163 1005 251 1060 ante
277 1013 340 1058 eos
358 1003 543 1060 tenuerat.
602 992 692 1060 Haec
709 1014 781 1082 pax
803 995 911 1062 firma
933 996 1053 1065 utrin-

67 1113 146 1180 que
173 1082 248 1162 lide
269 1089 407 1162 sancita
427 1104 492 1158 est.
553 1091 635 1182 Quo
651 1092 750 1160 facto
775 1116 909 1188 magna
931 1096 1054 1166 extitit

65 1193 236 1262 amicitia
258 1191 358 1260 inter
385 1190 579 1285 dynastam
601 1194 798 1264 Halonem
827 1208 865 1262 et
891 1195 1052 1266 Guubil-
1122 1271 1125 1277 ¹

65 1291 169 1380 dam,
185 1291 378 1362 interdum
396 1315 485 1360 vero
499 1291 602 1360 dolos
617 1293 779 1362 invicem
792 1296 1048 1368 intendebant.

64 1391 129 1460 Sic
144 1393 226 1462 aliae
244 1409 320 1462 tres
333 1393 477 1462 hiemes
493 1392 762 1484 procedebant,
776 1395 929 1486 dynasta
947 1397 1051 1488 quie·

63 1509 103 1562 te
122 1493 292 1588 inregno
311 1516 378 1562 suo
394 1518 433 1562 se
453 1493 680 1564 continente.

235 1598 365 1664 Natus·
391 1595 547 1664 Eirikus
570 1595 748 1664 lantonis
760 1594 883 1684 filius.

116 1693 209 1786 Cap.
230 1702 281 1767 36.
310 1699 477 1788 Dynasta
486 1697 633 1786 Halon,
654 1719 741 1765 curn
750 1695 1047 1786 hiemequadam

61 1817 134 1886 per
150 1795 350 1887 Upplanda
373 1795 692 1885 proficisceretur,
722 1817 795 1884 quo
815 1797 897 1864 loco
920 1794 1047 1866 dever-

60 1911 167 1966 satus
185 1909 259 1982 est,
287 1896 441 1983 accidit,
467 1909 512 1962 ut
528 1919 615 1966 cum
632 1897 804 1983 muliere,
829 1917 943 1984 parvo
961 1897 1045 1964 loco

59 2013 163 2088 nata,
180 1996 459 2065 concumberet.
511 1996 740 2066 Procedente
755 2010 940 2086 ternpore,
962 2017 1046 2085 par·

59 2110 149 2167 tum
173 2096 273 2166 ferre
298 2097 409 2186 caepit
424 2095 580 2187 mulier,
614 2096 680 2187 qui
699 2096 740 2164 in
761 2098 888 2166 lucem
912 2096 1043 2185 editus,

60 2220 161 2290 puer
185 2209 286 2281 erat,
331 2210 371 2265 et
396 2196 544 2268 Eirikus
571 2198 785 2266 nominatus
813 2210 885 2281 θεὶς
928 2220 1043 2288 quem

59 2313 185 2370 mater
199 2298 449 2368 adHakonem
467 2296 601 2386 ferens,
616 2321 703 2368 eum
721 2313 865 2389 patrem
879 2297 1043 2387 professo

61 2414 126 2468 est.
162 2403 333 2492 Dynasta
350 2420 513 2489 puerum
525 2399 674 2469 educari
688 2399 778 2468 lecit
791 2398 890 2487 apud
902 2399 1040 2483 virum,

59 2500 219 2568 nornine
237 2499 477 2571 Thorleifurn
495 2499 729 2590 Sapientem,
761 2500 802 2567 in
825 2497 1040 2570 Medaldalo
1129 2505 1131 2514 “

58 2599 319 2689 habitantem,
345 2601 469 2669 virum
483 2614 700 2690 potentem,
725 2600 890 2684 divitem,
917 2611 955 2666 et
975 2597 1041 2688 dy-

57 2715 172 2770 nastae
191 2699 325 2770 intima
337 2701 513 2789 junctum
528 2701 701 2770 amicitia.
762 2701 869 2770 Brevi
887 2699 928 2768 in
945 2697 1041 2770 Eiri-

57 2803 104 2871 lto
118 2802 249 2896 magni
263 2802 333 2869 viri
351 2801 493 2872 indoles
513 2802 696 2888 elucebat,
714 2815 939 2890 matureque
955 2798 1040 2888 pul-

58 2901 259 2990 critudine,
277 2916 419 2972 statura
438 2919 475 2972 et
493 2901 632 2970 viribus
649 2903 880 2982 excellebat,
907 2899 1039 2990 dynas-

55 3015 94 3072 ta
111 3024 203 3070 vero
220 3023 355 3092 parurn
380 3028 468 3072 eum
492 3004 655 3072 curabat.
715 3001 802 3071 Fuit
821 3001 957 3070 Hakon
974 2997 1037 3089 dy·

53 3116 161 3171 nasta
193 3104 365 3172 omniurn
392 3105 593 3174 hominurn
623 3103 720 3172 facie
748 3099 1035 3193 pulcherrimus,

53 3217 200 3272 statura
219 3203 410 3294 mediocri,
422 3207 462 3274 in
479 3205 664 3274 exercitiis
681 3226 864 3296 perquam
881 3200 1035 3290 peritus,

45 3303 193 3396 ¹insigni
204 3305 413 3394 prudentia,
429 3319 468 3374 et
487 3307 526 3374 in
540 3306 640 3374 bello
655 3303 934 3392 versatissimus
960 3305 1035 3370 Au-

53 3417 189 3472 tumno
208 3405 370 3493 quodam
392 3406 545 3493 dynasta
559 3406 605 3475 ad
624 3404 819 3496 Upplanda
831 3402 1033 3492 profectus,

56 3505 203 3576 cumin
219 3505 502 3576 Heidmerlriam
522 3522 762 3596 pervenerat,
794 3527 839 3572 ex
860 3501 1033 3572 condicto

54 3604 100 3672 ad
120 3627 212 3674 eum
229 3621 413 3676 venerunt
433 3631 498 3675 rex
514 3608 728 3700 Tryggvius
746 3604 852 3676 Olavi
876 3603 976 3672 filius
994 3615 1033 3670 et

53 3727 117 3772 rex
137 3706 339 3776 Gudrbdus
355 3709 500 3794 ijrnis
514 3707 634 3795 lilius,
667 3709 760 3776 item
778 3702 1030 3776 Gudbraudus

55 3805 240 3875 Dalensis.
295 3808 366 3896 Hi,
396 3810 480 3878 loco
507 3821 545 3874 et
563 3821 735 3899 tempore
752 3805 924 3876 condicto
943 3827 1031 3872 con-

52 3906 186 4000 gressi,
209 3923 350 3976 secreta
369 3909 434 3976 diu
453 3909 643 3999 colloquia
655 3910 839 3996 habuere,
866 3927 1030 3998 quorum

54 4007 94 4073 id
115 4022 261 4077 tantum
287 4010 328 4077 in
341 4013 472 4104 vulgus
498 4011 608 4098 exiit,
632 4026 805 4078 mutuam
823 4007 1028 4076 amicitiam

53 4122 202 4197 pactos,
249 4111 387 4200 quibus
409 4112 501 4182 actis
524 4111 698 4206 digressi,
730 4111 901 4180 insnum
927 4105 1026 4197 quis-
