2554 4778
61 309 96 366 c.
124 309 194 372 131.
401 299 679 352 *ἡ*
895 298 997 388 28Τ

398 350 668 374 ’Ἧι-*ιιι-

59 536 175 588 tuum
193 535 272 592 tarn
285 517 400 596 ,firmo
411 513 609 589 *domidilio
627 519 817 611 expellere
833 523 966 611 valeat,
989 533 1052 594 ve·

58 645 151 692 rum
169 635 234 708 est,
249 635 303 703 ut,
322 641 366 687 eo
378 621 521 705 relicto,
540 619 586 688 ad
602 622 906 709 potentissimum
923 625 1050 710 deum,

60 736 274 791 creatorem
290 735 413 806 tuum,
432 722 668 806 convertaris,
690 724 754 814 qui
773 746 859 792 vere
875 724 965 795 deus
980 739 1048 810 est,

59 845 181 910 quem
208 820 323 894 nullae
352 819 449 893 vires
480 841 657 910 superare
677 840 862 914 possunt,
904 824 971 914 qui
1009 825 1050 898 in

59 935 210 996 aeterna.
245 923 336 990 luce
366 919 528 1005 habitat,
568 945 643 1012 quo
667 947 796 994 omnes
830 925 938 994 inse
970 948 1049 994 cre-

60 1022 195 1090 dentes
252 1022 397 1109 sibique
443 1021 607 1090 fideliter
652 1025 854 1094 servientes
909 1024 1048 1114 perdu-

60 1122 138 1210 oit,
172 1137 215 1197 ut
237 1121 290 1190 ibi
319 1144 408 1198 curn
433 1121 514 1212 ipso
540 1123 581 1192 iu
599 1124 849 1194 inenarrabili·
866 1123 1049 1194 felicitate

60 1239 249 1294 aeternum
275 1219 410 1292 vivant.
456 1226 502 1294 Et
528 1223 562 1292 si.
582 1225 630 1292 ad
657 1228 847 1294 excelsum
864 1228 1047 1294 coelorum

58 1347 193 1418 regern
209 1338 247 1392 te
265 1322 462 1416 convertis,
487 1322 597 1392 facile
615 1326 815 1418 intelliges,
840 1324 956 1412 hunc,
982 1325 1049 1413 qui

58 1437 100 1490 te
118 1423 351 1511 dehortatur,
376 1447 425 1492 ne
440 1423 481 1490 in
498 1447 585 1492 eum
602 1428 740 1511 credas,
764 1449 892 1494 revera
908 1426 977 1495 tibi
991 1426 1048 1494 in·

59 1523 203 1611 sidiari,
215 1523 279 1612 qui
291 1525 430 1614 cupiat,
451 1537 488 1590 te
505 1524 549 1590 ab
570 1539 707 1595 aeterna
726 1531 811 1596 luce
827 1525 874 1594 ad
888 1525 1048 1595 immen-

59 1645 120 1692 sas
146 1625 321 1695 tenebras
355 1624 607 1706 abstraheret·
638 1629 715 1716 qui,
746 1626 777 1694 si
805 1626 873 1694 tibi
900 1625 1063 1696 videtur·

58 1723 208 1812 aliquid
225 1724 314 1795 boni
329 1739 529 1814 prestare,
544 1728 669 1794 omnia
687 1729 771 1796 ideo
787 1726 888 1808 facit,
912 1740 959 1794 ut
967 1725 1046 1794 .h·oo

58 1823 209 1894 facilius
228 1843 266 1894 te
285 1824 465 1915 decipiat,
497 1824 528 1892 si
554 1849 641 1894 eum
656 1855 657 1860 ¹
674 1829 744 1896 tibi
772 1827 977 1921 benignum
1009 1838 1048 1893 et

57 1924 317 1996 necessarium
337 1925 551 1996 credideris.
586 1929 736 1998 Kodran
755 1924 1061 2014 respondi›t:'in··

57 2024 221 2093 tellectu
256 2025 366 2094 facile
382 2027 479 2094 mihi
499 2041 566 2114 est,
591 2042 704 2098 tuum
725 2042 762 2096 et
779 2025 945 2118 episcopi
962 2047 1046 2094 seu·

56 2147 148 2194 sum
164 2125 209 2194 ob
228 2123 330 2194 illius
346 2149 424 2194 esse
441 2126 649 2214 diversum,
671 2151 799 2220 neque
817 2127 942 2196 minus
959 2147 1047 2212 per-

56 2224 200 2316 spicio,
237 2243 418 2315 utrosque
438 2251 587 2296 causam
610 2251 719 2298 suam
758 2225 1045 2322 magnostudio

56 2324 258 2418 persequi,
286 2327 494 2416 quaeenim
510 2329 555 2398 de
573 2351 619 2396 eo
634 2328 774 2412 dicitis,
807 2326 893 2393 'lraec
913 2326 1046 2394 eadem

59 2425 191 2496 omnia
214 2425 262 2496 de
284 2428 388 2496 vobis
418 2427 550 2510 refert3
590 2429 682 2518 quid
710 2425 947 2497 veromultis
964 2449 1047 2492 ver-

57 2527 119 2596 bis
143 2548 237 2615 opus
254 2525 333 2596 est?
357 2526 429 2598 hoc
444 2544 614 2618 pactum,
642 2529 741 2618 quod
756 2526 941 2594 internos
956 2547 1045 2594 oon·

57 2625 236 2714 stituisti,
261 2626 317 2696 rei
335 2627 532 2698 veritatem
548 2629 786 2719 explorabit·
821 2628 947 2694 Laetus
964 2649 1046 2694 ora-

57 2728 168 2799 tions
192 2728 575 2818 patrisThorvaldus,
613 2731 962 2820 episcopo.omnem
986 2725 1045 2794 rei

57 2827 261 2914 rationem,
278 2826 412 2918 suique
431 2845 471 2904 et
484 2830 599 2918 patris
615 2827 865 2920 colloquium,
880 2828 1041 2917 aperuit.

58 2929 138 3004 Die
155 2928 326 3018 proxime
350 2929 522 3020 sequenti
539 2934 734 3021 episcopus
755 2950 899 3018 aquam.
914 2948 1043 2994 conse·

59 3029 199 3117 citauit,
233 3027 369 3098 deiude
399 3029 576 3119 precibus
602 3029 713 3106 sacris
749 3041 788 3096 et
813 3027 1043 3118 hymnorum

59 3128 410 3220 cantuprocedens,
438 3153 568 3200 saxum
584 3153 681 3220 aqua
698 3128 1044 3200 circumcircacon·

58 3230 197 3318 spersit
228 3241 267 3298 et
295 3229 525 3320 superfudit,
573 3245 618 3299 ut
648 3227 1045 3298 totumrmadefieret:

58 3331 237 3402 Proxima
256 3344 338 3417 post
357 3346 467 3399 nocte
490 3347 589 3400 vates
609 3329 772 3403 Kodraui
790 3349 862 3418 per.
875 3327 1059 3416 quietem·

59 3431 180 3517 visus,
217 3427 311 3498 tristi
338 3429 446 3498 vultu
471 3443 512 3499 et
536 3429 808 3498 tremebundus
837 3429 943 3518 quasi
965 3449 1043 3518 prae

58 3541 191 3615 metu,
222 3526 435 3598 Kodranem
457 3531 645 3600 allocutus
669 3544 743 3598 est:
789 3528 1043 3614 malefecisti,

61 3629 165 3719 quod
182 3626 356 3698 homines
381 3629 426 3696 ad
447 3643 485 3697 te
497 3630 681 3717 invitasti,
696 3681 699 3690 r
714 3629 784 3718 qui,
793 3627 865 3696 tibi
890 3641 1044 3696 struunt

58 3728 235 3817 iusidias,
264 3739 313 3796 ‚et
338 3752 400 3796 me
425 3753 470 3798 ex
498 3730 687 3798 domicilio
710 3749 796 3796 meo
820 3727 957 3814 ejicere
980 3750 1045 3796 co-

58 3845 233 3912 nantum¹
258 3827 466 3898 ferventem
495 3829 596 3898 enim
622 3852 761 3918 aquam
785 3827 855 3895 aedi
870 3851 964 3895 meae
982 3851 1043 3895 su-

58 3927 368 4018 perinfuderunt,
400 3943 444 3998 ut
472 3930 578 3998 liberi
596 3931 670 3997 mei
685 3951 762 3997 non
787 3929 888 3997 leves
902 3927 1043 4018 patian-

58 4043 123 4096 tur
142 4029 290 4098 dolores
315 4029 574 4099 observantes
599 4043 725 4123 guttas
753 4029 855 4097 intra
870 4049 940 4116 per
967 4044 1042 4094 tec·

57 4142 143 4196 tum
167 4128 400 4212 decidentem
423 4152 515 4220 ,quae
542 4154 627 4218 res,
650 4130 723 4196 etsi
746 4127 939 4218 mihiipsi
965 4149 1045 4195 non
1110 4215 1115 4226 ¹

56 4251 290 4322 magnopere
308 4245 451 4318 noceat,
479 4246 605 4297 tamen
620 4251 730 4322 grave
750 4245 823 4315 est,
850 4229 1042 4295 ululatum
