<?xml version="1.0" encoding="UTF-8"?>
<!DOCTYPE html PUBLIC "-//W3C//DTD XHTML 1.0 Transitional//EN"
    "http://www.w3.org/TR/xhtml1/DTD/xhtml1-transitional.dtd">
<html xmlns="http://www.w3.org/1999/xhtml" xml:lang="en" lang="en">
 <head>
  <title>
</title>
<meta http-equiv="Content-Type" content="text/html;charset=utf-8" />
  <meta name='ocr-system' content='tesseract 3.04.00' />
  <meta name='ocr-capabilities' content='ocr_page ocr_carea ocr_par ocr_line ocrx_word'/>
</head>
<body>
  <div class='ocr_page' id='page_1' title='image "./scriptahistoric00dengoog_0194.png"; bbox 0 0 2534 4778; ppageno 0'>
   <div class='ocr_carea' id='block_1_1' title="bbox 50 180 1088 344">
    <p class='ocr_par' dir='ltr' id='par_1_1' title="bbox 50 180 1088 344">
     <span class='ocr_line' id='line_1_1' title="bbox 50 180 1088 344; baseline 0.007 -10"><span class='ocrx_word' id='word_1_1' title='bbox 50 273 86 338; x_wconf 88' lang='lat' dir='ltr'><strong>o.</strong></span> <span class='ocrx_word' id='word_1_2' title='bbox 107 268 161 336; x_wconf 77' lang='lat'><strong>76.</strong></span> <span class='ocrx_word' id='word_1_3' title='bbox 391 241 690 344; x_wconf 63' lang='lat' dir='ltr'><strong>&#39;m</strong></span> <span class='ocrx_word' id='word_1_4' title='bbox 886 249 976 342; x_wconf 81' lang='lat'><strong>163</strong></span> <span class='ocrx_word' id='word_1_5' title='bbox 1058 180 1088 240; x_wconf 29' lang='grc' dir='ltr'><strong><em>ὀ</em></strong></span> 
     </span>
    </p>
   </div>
   <div class='ocr_carea' id='block_1_2' title="bbox 49 472 1053 4101">
    <p class='ocr_par' dir='ltr' id='par_1_2' title="bbox 49 472 1053 3997">
     <span class='ocr_line' id='line_1_2' title="bbox 49 472 1041 574; baseline 0 -20"><span class='ocrx_word' id='word_1_6' title='bbox 49 485 177 570; x_wconf 83' lang='lat' dir='ltr'><strong>ianam</strong></span> <span class='ocrx_word' id='word_1_7' title='bbox 202 477 264 552; x_wconf 86' lang='lat' dir='ltr'><strong>del</strong></span> <span class='ocrx_word' id='word_1_8' title='bbox 284 472 792 574; x_wconf 70' lang='lat' dir='ltr'><strong>religionemibiiuadaret.</strong></span> <span class='ocrx_word' id='word_1_9' title='bbox 841 480 1041 554; x_wconf 77' lang='lat' dir='ltr'><strong>&#39;rumora-</strong></span> 
     </span>
     <span class='ocr_line' id='line_1_3' title="bbox 51 581 1041 673; baseline 0.001 -19"><span class='ocrx_word' id='word_1_10' title='bbox 51 607 119 654; x_wconf 84' lang='lat' dir='ltr'><strong>vus</strong></span> <span class='ocrx_word' id='word_1_11' title='bbox 141 581 286 656; x_wconf 88' lang='lat' dir='ltr'><strong>Gardos</strong></span> <span class='ocrx_word' id='word_1_12' title='bbox 301 601 473 651; x_wconf 84' lang='lat' dir='ltr'><strong>reversus</strong></span> <span class='ocrx_word' id='word_1_13' title='bbox 490 593 567 668; x_wconf 86' lang='lat' dir='ltr'><strong>est,</strong></span> <span class='ocrx_word' id='word_1_14' title='bbox 603 593 716 673; x_wconf 84' lang='lat' dir='ltr'><strong>atque</strong></span> <span class='ocrx_word' id='word_1_15' title='bbox 733 591 899 650; x_wconf 76' lang='lat' dir='ltr'><strong>sanctam</strong></span> <span class='ocrx_word' id='word_1_16' title='bbox 924 581 1041 655; x_wconf 80' lang='lat' dir='ltr'><strong>fidem</strong></span> 
     </span>
     <span class='ocr_line' id='line_1_4' title="bbox 54 679 1041 779; baseline 0 -25"><span class='ocrx_word' id='word_1_17' title='bbox 54 685 106 756; x_wconf 71' lang='lat' dir='ltr'><strong>[bi</strong></span> <span class='ocrx_word' id='word_1_18' title='bbox 121 679 385 770; x_wconf 73' lang='lat' dir='ltr'><strong>annuntiavit,</strong></span> <span class='ocrx_word' id='word_1_19' title='bbox 416 694 455 748; x_wconf 86' lang='lat' dir='ltr'><strong>ec</strong></span> <span class='ocrx_word' id='word_1_20' title='bbox 471 680 626 771; x_wconf 87' lang='lat' dir='ltr'><strong>quidem</strong></span> <span class='ocrx_word' id='word_1_21' title='bbox 651 679 820 772; x_wconf 89' lang='lat' dir='ltr'><strong>primum</strong></span> <span class='ocrx_word' id='word_1_22' title='bbox 839 681 1041 779; x_wconf 73' lang='lat' dir='ltr'><strong>sigillatim</strong></span> 
     </span>
     <span class='ocr_line' id='line_1_5' title="bbox 62 779 1040 877; baseline 0 -23"><span class='ocrx_word' id='word_1_23' title='bbox 62 785 136 877; x_wconf 76' lang='lat' dir='ltr'><strong>egi</strong></span> <span class='ocrx_word' id='word_1_24' title='bbox 150 799 191 854; x_wconf 89' lang='lat' dir='ltr'><strong>et</strong></span> <span class='ocrx_word' id='word_1_25' title='bbox 207 782 379 876; x_wconf 55' lang='lat' dir='ltr'><strong>reginae(</strong></span> <span class='ocrx_word' id='word_1_26' title='bbox 419 782 501 852; x_wconf 84' lang='lat' dir='ltr'><strong>Rex</strong></span> <span class='ocrx_word' id='word_1_27' title='bbox 524 781 694 872; x_wconf 82' lang='lat' dir='ltr'><strong>primum</strong></span> <span class='ocrx_word' id='word_1_28' title='bbox 711 779 873 854; x_wconf 81' lang='lat' dir='ltr'><strong>firmiter</strong></span> <span class='ocrx_word' id='word_1_29' title='bbox 888 783 1040 876; x_wconf 79' lang='lat' dir='ltr'><strong>restitit,</strong></span> 
     </span>
     <span class='ocr_line' id='line_1_6' title="bbox 52 879 1040 978; baseline 0 -22"><span class='ocrx_word' id='word_1_30' title='bbox 52 885 185 978; x_wconf 86' lang='lat' dir='ltr'><strong>regina</strong></span> <span class='ocrx_word' id='word_1_31' title='bbox 203 897 332 955; x_wconf 86' lang='lat' dir='ltr'><strong>autem</strong></span> <span class='ocrx_word' id='word_1_32' title='bbox 349 879 494 950; x_wconf 86' lang='lat' dir='ltr'><strong>facilior</strong></span> <span class='ocrx_word' id='word_1_33' title='bbox 511 895 611 969; x_wconf 82' lang='lat' dir='ltr'><strong>erat.3</strong></span> <span class='ocrx_word' id='word_1_34' title='bbox 643 879 800 970; x_wconf 87' lang='lat' dir='ltr'><strong>tandem</strong></span> <span class='ocrx_word' id='word_1_35' title='bbox 814 905 905 970; x_wconf 84' lang='lat' dir='ltr'><strong>vero</strong></span> <span class='ocrx_word' id='word_1_36' title='bbox 920 903 966 968; x_wconf 77' lang='lat' dir='ltr'><strong>oo</strong></span> <span class='ocrx_word' id='word_1_37' title='bbox 979 906 1040 968; x_wconf 79' lang='lat' dir='ltr'><strong>res</strong></span> 
     </span>
     <span class='ocr_line' id='line_1_7' title="bbox 51 981 1043 1079; baseline 0.006 -25"><span class='ocrx_word' id='word_1_38' title='bbox 51 985 237 1079; x_wconf 87' lang='lat' dir='ltr'><strong>perducta</strong></span> <span class='ocrx_word' id='word_1_39' title='bbox 254 997 330 1071; x_wconf 87' lang='lat' dir='ltr'><strong>est,</strong></span> <span class='ocrx_word' id='word_1_40' title='bbox 361 995 406 1050; x_wconf 90' lang='lat' dir='ltr'><strong>ut</strong></span> <span class='ocrx_word' id='word_1_41' title='bbox 430 999 552 1052; x_wconf 67' lang='lat' dir='ltr'><strong>&#39;suasu</strong></span> <span class='ocrx_word' id='word_1_42' title='bbox 569 981 710 1076; x_wconf 78' lang='lat' dir='ltr'><strong>reginae</strong></span> <span class='ocrx_word' id='word_1_43' title='bbox 737 998 804 1053; x_wconf 83' lang='lat' dir='ltr'><strong>rex</strong></span> <span class='ocrx_word' id='word_1_44' title='bbox 827 982 1043 1076; x_wconf 83' lang='lat' dir='ltr'><strong>frequentin</strong></span> 
     </span>
     <span class='ocr_line' id='line_1_8' title="bbox 55 1082 1041 1182; baseline 0.002 -26"><span class='ocrx_word' id='word_1_45' title='bbox 55 1085 219 1156; x_wconf 87' lang='lat' dir='ltr'><strong>comitia.</strong></span> <span class='ocrx_word' id='word_1_46' title='bbox 235 1095 470 1170; x_wconf 74' lang='lat' dir='ltr'><strong>convocaret.</strong></span> <span class='ocrx_word' id='word_1_47' title='bbox 510 1109 513 1116; x_wconf 92' lang='lat'>·</span> <span class='ocrx_word' id='word_1_48' title='bbox 532 1082 633 1157; x_wconf 88' lang='lat' dir='ltr'><strong>Cum</strong></span> <span class='ocrx_word' id='word_1_49' title='bbox 655 1096 788 1154; x_wconf 84' lang='lat' dir='ltr'><strong>autem</strong></span> <span class='ocrx_word' id='word_1_50' title='bbox 805 1085 920 1159; x_wconf 81' lang='lat' dir='ltr'><strong>multi</strong></span> <span class='ocrx_word' id='word_1_51' title='bbox 934 1108 1041 1182; x_wconf 82' lang='lat' dir='ltr'><strong>mag·</strong></span> 
     </span>
     <span class='ocr_line' id='line_1_9' title="bbox 54 1177 1042 1278; baseline 0 -20"><span class='ocrx_word' id='word_1_52' title='bbox 54 1200 162 1258; x_wconf 88' lang='lat' dir='ltr'><strong>nates</strong></span> <span class='ocrx_word' id='word_1_53' title='bbox 178 1199 292 1275; x_wconf 89' lang='lat' dir='ltr'><strong>atque</strong></span> <span class='ocrx_word' id='word_1_54' title='bbox 305 1185 439 1278; x_wconf 81' lang='lat' dir='ltr'><strong>ingens</strong></span> <span class='ocrx_word' id='word_1_55' title='bbox 446 1183 580 1274; x_wconf 83' lang='lat' dir='ltr'><strong>populi</strong></span> <span class='ocrx_word' id='word_1_56' title='bbox 587 1177 795 1254; x_wconf 88' lang='lat' dir='ltr'><strong>multitudo</strong></span> <span class='ocrx_word' id='word_1_57' title='bbox 808 1185 943 1259; x_wconf 85' lang='lat' dir='ltr'><strong>eodem</strong></span> <span class='ocrx_word' id='word_1_58' title='bbox 953 1209 1042 1260; x_wconf 84' lang='lat' dir='ltr'><strong>con·</strong></span> 
     </span>
     <span class='ocr_line' id='line_1_10' title="bbox 54 1283 1041 1376; baseline 0.002 -20"><span class='ocrx_word' id='word_1_59' title='bbox 54 1287 263 1374; x_wconf 85' lang='lat' dir='ltr'><strong>venissent,</strong></span> <span class='ocrx_word' id='word_1_60' title='bbox 300 1283 538 1375; x_wconf 84' lang='lat' dir='ltr'><strong>comitiaque.</strong></span> <span class='ocrx_word' id='word_1_61' title='bbox 551 1283 755 1374; x_wconf 75' lang='lat' dir='ltr'><strong>constituto</strong></span> <span class='ocrx_word' id='word_1_62' title='bbox 774 1299 924 1376; x_wconf 84' lang='lat' dir='ltr'><strong>essent,</strong></span> <span class='ocrx_word' id='word_1_63' title='bbox 950 1310 1041 1366; x_wconf 62' lang='lat' dir='ltr'><strong>‹sur-</strong></span> 
     </span>
     <span class='ocr_line' id='line_1_11' title="bbox 55 1383 1042 1479; baseline 0.002 -21"><span class='ocrx_word' id='word_1_64' title='bbox 55 1388 156 1472; x_wconf 83' lang='lat' dir='ltr'><strong>rexit</strong></span> <span class='ocrx_word' id='word_1_65' title='bbox 169 1409 237 1458; x_wconf 82' lang='lat' dir='ltr'><strong>rex</strong></span> <span class='ocrx_word' id='word_1_66' title='bbox 253 1386 404 1474; x_wconf 84' lang='lat' dir='ltr'><strong>Olavus,</strong></span> <span class='ocrx_word' id='word_1_67' title='bbox 422 1399 462 1454; x_wconf 90' lang='lat' dir='ltr'><strong>et</strong></span> <span class='ocrx_word' id='word_1_68' title='bbox 476 1383 529 1454; x_wconf 85' lang='lat' dir='ltr'><strong>ita</strong></span> <span class='ocrx_word' id='word_1_69' title='bbox 541 1385 655 1455; x_wconf 86' lang='lat' dir='ltr'><strong>verba</strong></span> <span class='ocrx_word' id='word_1_70' title='bbox 672 1383 785 1458; x_wconf 84' lang='lat' dir='ltr'><strong>fecit:</strong></span> <span class='ocrx_word' id='word_1_71' title='bbox 819 1407 951 1479; x_wconf 84' lang='lat' dir='ltr'><strong>spero,</strong></span> <span class='ocrx_word' id='word_1_72' title='bbox 975 1387 1042 1460; x_wconf 89' lang='lat' dir='ltr'><strong>do·</strong></span> 
     </span>
     <span class='ocr_line' id='line_1_12' title="bbox 55 1484 1041 1582; baseline 0 -22"><span class='ocrx_word' id='word_1_73' title='bbox 55 1488 162 1560; x_wconf 89' lang='lat' dir='ltr'><strong>mine</strong></span> <span class='ocrx_word' id='word_1_74' title='bbox 176 1487 257 1558; x_wconf 80' lang='lat' dir='ltr'><strong>rex!</strong></span> <span class='ocrx_word' id='word_1_75' title='bbox 286 1498 327 1556; x_wconf 88' lang='lat' dir='ltr'><strong>te</strong></span> <span class='ocrx_word' id='word_1_76' title='bbox 347 1484 862 1582; x_wconf 31' lang='lat' dir='ltr'><strong>sapientia-tua,intelligere,</strong></span> <span class='ocrx_word' id='word_1_77' title='bbox 901 1486 1041 1580; x_wconf 90' lang='lat' dir='ltr'><strong>dequo</strong></span> 
     </span>
     <span class='ocr_line' id='line_1_13' title="bbox 57 1581 1041 1678; baseline 0.004 -20"><span class='ocrx_word' id='word_1_78' title='bbox 57 1611 186 1658; x_wconf 88' lang='lat' dir='ltr'><strong>coram</strong></span> <span class='ocrx_word' id='word_1_79' title='bbox 207 1602 246 1657; x_wconf 88' lang='lat' dir='ltr'><strong>te</strong></span> <span class='ocrx_word' id='word_1_80' title='bbox 260 1585 433 1678; x_wconf 66' lang='lat' dir='ltr'><strong>‚aliquam</strong></span> <span class='ocrx_word' id='word_1_81' title='bbox 443 1585 562 1672; x_wconf 43' lang='lat' dir='ltr'><strong>‚intuli</strong></span> <span class='ocrx_word' id='word_1_82' title='bbox 576 1587 833 1678; x_wconf 87' lang='lat' dir='ltr'><strong>mentionem,</strong></span> <span class='ocrx_word' id='word_1_83' title='bbox 855 1581 928 1658; x_wconf 84' lang='lat' dir='ltr'><strong>tibi</strong></span> <span class='ocrx_word' id='word_1_84' title='bbox 941 1591 1041 1663; x_wconf 86' lang='lat' dir='ltr'><strong>scili·</strong></span> 
     </span>
     <span class='ocr_line' id='line_1_14' title="bbox 59 1685 1045 1783; baseline 0.003 -25"><span class='ocrx_word' id='word_1_85' title='bbox 59 1705 118 1758; x_wconf 86' lang='lat' dir='ltr'><strong>cet</strong></span> <span class='ocrx_word' id='word_1_86' title='bbox 135 1687 370 1772; x_wconf 85' lang='lat' dir='ltr'><strong>et-omnibus</strong></span> <span class='ocrx_word' id='word_1_87' title='bbox 388 1686 483 1776; x_wconf 87' lang='lat' dir='ltr'><strong>aliis,</strong></span> <span class='ocrx_word' id='word_1_88' title='bbox 508 1702 589 1758; x_wconf 89' lang='lat' dir='ltr'><strong>tam</strong></span> <span class='ocrx_word' id='word_1_89' title='bbox 599 1685 793 1776; x_wconf 84' lang='lat' dir='ltr'><strong>divitibus,</strong></span> <span class='ocrx_word' id='word_1_90' title='bbox 816 1709 932 1782; x_wconf 82' lang='lat' dir='ltr'><strong>quam</strong></span> <span class='ocrx_word' id='word_1_91' title='bbox 946 1711 1045 1783; x_wconf 86' lang='lat' dir='ltr'><strong>pan·</strong></span> 
     </span>
     <span class='ocr_line' id='line_1_15' title="bbox 57 1786 1041 1880; baseline 0.005 -22"><span class='ocrx_word' id='word_1_92' title='bbox 57 1790 234 1880; x_wconf 85' lang='lat' dir='ltr'><strong>peribus,</strong></span> <span class='ocrx_word' id='word_1_93' title='bbox 249 1786 391 1878; x_wconf 62' lang='lat' dir='ltr'><strong>⁸multis</strong></span> <span class='ocrx_word' id='word_1_94' title='bbox 405 1787 623 1860; x_wconf 84' lang='lat' dir='ltr'><strong>nominibus</strong></span> <span class='ocrx_word' id='word_1_95' title='bbox 637 1801 815 1880; x_wconf 69' lang='lat' dir='ltr'><strong>prestare</strong></span> <span class='ocrx_word' id='word_1_96' title='bbox 822 1841 835 1877; x_wconf 90' lang='lat'><strong>,</strong></span> <span class='ocrx_word' id='word_1_97' title='bbox 859 1789 902 1858; x_wconf 91' lang='lat' dir='ltr'><strong>in</strong></span> <span class='ocrx_word' id='word_1_98' title='bbox 916 1809 1041 1868; x_wconf 77' lang='lat' dir='ltr'><strong>unum</strong></span> 
     </span>
     <span class='ocr_line' id='line_1_16' title="bbox 57 1887 1042 1980; baseline 0.003 -21"><span class='ocrx_word' id='word_1_99' title='bbox 57 1913 193 1960; x_wconf 76' lang='lat' dir='ltr'><strong>serum</strong></span> <span class='ocrx_word' id='word_1_100' title='bbox 212 1887 327 1974; x_wconf 83' lang='lat' dir='ltr'><strong>deum</strong></span> <span class='ocrx_word' id='word_1_101' title='bbox 345 1887 510 1978; x_wconf 87' lang='lat' dir='ltr'><strong>credere,</strong></span> <span class='ocrx_word' id='word_1_102' title='bbox 527 1902 757 1976; x_wconf 78' lang='lat' dir='ltr'><strong>creatorem,</strong></span> <span class='ocrx_word' id='word_1_103' title='bbox 778 1887 847 1980; x_wconf 85' lang='lat' dir='ltr'><strong>qui</strong></span> <span class='ocrx_word' id='word_1_104' title='bbox 863 1889 954 1960; x_wconf 82' lang='lat' dir='ltr'><strong>fecit</strong></span> <span class='ocrx_word' id='word_1_105' title='bbox 968 1913 1042 1962; x_wconf 77' lang='lat' dir='ltr'><strong>coe·</strong></span> 
     </span>
     <span class='ocr_line' id='line_1_17' title="bbox 58 1985 1042 2079; baseline 0 -19"><span class='ocrx_word' id='word_1_106' title='bbox 58 1991 142 2061; x_wconf 88' lang='lat' dir='ltr'><strong>lum</strong></span> <span class='ocrx_word' id='word_1_107' title='bbox 161 2001 201 2058; x_wconf 87' lang='lat' dir='ltr'><strong>et</strong></span> <span class='ocrx_word' id='word_1_108' title='bbox 214 2003 366 2078; x_wconf 86' lang='lat' dir='ltr'><strong>terram,</strong></span> <span class='ocrx_word' id='word_1_109' title='bbox 387 2002 426 2058; x_wconf 86' lang='lat' dir='ltr'><strong>et</strong></span> <span class='ocrx_word' id='word_1_110' title='bbox 445 2011 577 2066; x_wconf 87' lang='lat' dir='ltr'><strong>omnes</strong></span> <span class='ocrx_word' id='word_1_111' title='bbox 597 2012 673 2079; x_wconf 87' lang='lat' dir='ltr'><strong>res,</strong></span> <span class='ocrx_word' id='word_1_112' title='bbox 705 1988 881 2062; x_wconf 82' lang='lat' dir='ltr'><strong>visibiles</strong></span> <span class='ocrx_word' id='word_1_113' title='bbox 892 2005 932 2060; x_wconf 89' lang='lat' dir='ltr'><strong>et</strong></span> <span class='ocrx_word' id='word_1_114' title='bbox 946 1985 1042 2066; x_wconf 86' lang='lat' dir='ltr'><strong>invi·</strong></span> 
     </span>
     <span class='ocr_line' id='line_1_18' title="bbox 59 2087 1042 2182; baseline 0.002 -22"><span class='ocrx_word' id='word_1_115' title='bbox 59 2092 206 2178; x_wconf 74' lang='lat' dir='ltr'><strong>sibiles,</strong></span> <span class='ocrx_word' id='word_1_116' title='bbox 238 2091 380 2182; x_wconf 76' lang='lat' dir='ltr'><strong>quique</strong></span> <span class='ocrx_word' id='word_1_117' title='bbox 409 2087 472 2158; x_wconf 88' lang='lat' dir='ltr'><strong>dat</strong></span> <span class='ocrx_word' id='word_1_118' title='bbox 493 2090 857 2172; x_wconf 74' lang='lat' dir='ltr'><strong>eternamsalutem</strong></span> <span class='ocrx_word' id='word_1_119' title='bbox 871 2089 1042 2162; x_wconf 81' lang='lat' dir='ltr'><strong>sineflne</strong></span> 
     </span>
     <span class='ocr_line' id='line_1_19' title="bbox 60 2188 1042 2282; baseline 0.001 -21"><span class='ocrx_word' id='word_1_120' title='bbox 60 2190 236 2261; x_wconf 88' lang='lat' dir='ltr'><strong>omnibus</strong></span> <span class='ocrx_word' id='word_1_121' title='bbox 260 2189 302 2274; x_wconf 88' lang='lat' dir='ltr'><strong>in</strong></span> <span class='ocrx_word' id='word_1_122' title='bbox 325 2203 491 2272; x_wconf 78' lang='lat' dir='ltr'><strong>serente</strong></span> <span class='ocrx_word' id='word_1_123' title='bbox 505 2188 766 2279; x_wconf 86' lang='lat' dir='ltr'><strong>credentibus,</strong></span> <span class='ocrx_word' id='word_1_124' title='bbox 796 2189 945 2282; x_wconf 84' lang='lat' dir='ltr'><strong>sibique</strong></span> <span class='ocrx_word' id='word_1_125' title='bbox 967 2192 1042 2262; x_wconf 87' lang='lat' dir='ltr'><strong>rite</strong></span> 
     </span>
     <span class='ocr_line' id='line_1_20' title="bbox 60 2290 1041 2382; baseline 0.006 -22"><span class='ocrx_word' id='word_1_126' title='bbox 60 2290 329 2378; x_wconf 82' lang='lat' dir='ltr'><strong>servientibus,</strong></span> <span class='ocrx_word' id='word_1_127' title='bbox 362 2313 477 2381; x_wconf 89' lang='lat' dir='ltr'><strong>quam</strong></span> <span class='ocrx_word' id='word_1_128' title='bbox 501 2290 544 2366; x_wconf 84' lang='lat' dir='ltr'><strong>in</strong></span> <span class='ocrx_word' id='word_1_129' title='bbox 566 2291 682 2365; x_wconf 86' lang='lat' dir='ltr'><strong>tantis</strong></span> <span class='ocrx_word' id='word_1_130' title='bbox 706 2312 832 2362; x_wconf 85' lang='lat' dir='ltr'><strong>errare</strong></span> <span class='ocrx_word' id='word_1_131' title='bbox 859 2291 1041 2382; x_wconf 81' lang='lat' dir='ltr'><strong>tenebris,</strong></span> 
     </span>
     <span class='ocr_line' id='line_1_21' title="bbox 61 2387 1042 2482; baseline 0.001 -21"><span class='ocrx_word' id='word_1_132' title='bbox 61 2408 103 2461; x_wconf 84' lang='lat' dir='ltr'><strong>uc</strong></span> <span class='ocrx_word' id='word_1_133' title='bbox 123 2393 166 2461; x_wconf 91' lang='lat' dir='ltr'><strong>in</strong></span> <span class='ocrx_word' id='word_1_134' title='bbox 188 2391 280 2476; x_wconf 77' lang='lat' dir='ltr'><strong>falsa</strong></span> <span class='ocrx_word' id='word_1_135' title='bbox 293 2388 406 2476; x_wconf 70' lang='lat' dir='ltr'><strong>¹idola</strong></span> <span class='ocrx_word' id='word_1_136' title='bbox 422 2389 600 2480; x_wconf 83' lang='lat' dir='ltr'><strong>credatis,</strong></span> <span class='ocrx_word' id='word_1_137' title='bbox 633 2413 726 2482; x_wconf 66' lang='lat' dir='ltr'><strong>quaa</strong></span> <span class='ocrx_word' id='word_1_138' title='bbox 746 2413 792 2464; x_wconf 84' lang='lat' dir='ltr'><strong>eo</strong></span> <span class='ocrx_word' id='word_1_139' title='bbox 813 2390 941 2462; x_wconf 83' lang='lat' dir='ltr'><strong>minus</strong></span> <span class='ocrx_word' id='word_1_140' title='bbox 959 2387 1042 2462; x_wconf 88' lang='lat' dir='ltr'><strong>aliis</strong></span> 
     </span>
     <span class='ocr_line' id='line_1_22' title="bbox 61 2491 1043 2585; baseline 0.001 -23"><span class='ocrx_word' id='word_1_141' title='bbox 61 2491 269 2584; x_wconf 88' lang='lat' dir='ltr'><strong>quidquam</strong></span> <span class='ocrx_word' id='word_1_142' title='bbox 282 2491 414 2562; x_wconf 87' lang='lat' dir='ltr'><strong>auxilii</strong></span> <span class='ocrx_word' id='word_1_143' title='bbox 429 2503 607 2581; x_wconf 71' lang='lat' dir='ltr'><strong>prestare</strong></span> <span class='ocrx_word' id='word_1_144' title='bbox 621 2505 799 2582; x_wconf 83' lang='lat' dir='ltr'><strong>possunt,</strong></span> <span class='ocrx_word' id='word_1_145' title='bbox 834 2491 936 2584; x_wconf 90' lang='lat' dir='ltr'><strong>quod</strong></span> <span class='ocrx_word' id='word_1_146' title='bbox 956 2493 1043 2585; x_wconf 83' lang='lat' dir='ltr'><strong>ipsa</strong></span> 
     </span>
     <span class='ocr_line' id='line_1_23' title="bbox 60 2589 1045 2684; baseline 0 -20"><span class='ocrx_word' id='word_1_147' title='bbox 60 2606 254 2684; x_wconf 85' lang='lat' dir='ltr'><strong>nequeant</strong></span> <span class='ocrx_word' id='word_1_148' title='bbox 270 2593 355 2662; x_wconf 88' lang='lat' dir='ltr'><strong>loco</strong></span> <span class='ocrx_word' id='word_1_149' title='bbox 374 2590 538 2680; x_wconf 86' lang='lat' dir='ltr'><strong>moveri,</strong></span> <span class='ocrx_word' id='word_1_150' title='bbox 561 2589 633 2672; x_wconf 85' lang='lat' dir='ltr'><strong>nisi</strong></span> <span class='ocrx_word' id='word_1_151' title='bbox 647 2593 697 2664; x_wconf 85' lang='lat' dir='ltr'><strong>ab</strong></span> <span class='ocrx_word' id='word_1_152' title='bbox 717 2591 801 2664; x_wconf 86' lang='lat' dir='ltr'><strong>aliis</strong></span> <span class='ocrx_word' id='word_1_153' title='bbox 815 2605 962 2682; x_wconf 81' lang='lat' dir='ltr'><strong>portata</strong></span> <span class='ocrx_word' id='word_1_154' title='bbox 977 2608 1045 2666; x_wconf 85' lang='lat' dir='ltr'><strong>aut</strong></span> 
     </span>
     <span class='ocr_line' id='line_1_24' title="bbox 61 2687 1048 2782; baseline 0.004 -22"><span class='ocrx_word' id='word_1_155' title='bbox 61 2707 182 2765; x_wconf 81' lang='lat' dir='ltr'><strong>tracta</strong></span> <span class='ocrx_word' id='word_1_156' title='bbox 219 2694 313 2781; x_wconf 83' lang='lat' dir='ltr'><strong>sint,</strong></span> <span class='ocrx_word' id='word_1_157' title='bbox 364 2691 685 2782; x_wconf 87' lang='lat' dir='ltr'><strong>quemadmodum</strong></span> <span class='ocrx_word' id='word_1_158' title='bbox 709 2691 780 2762; x_wconf 88' lang='lat' dir='ltr'><strong>tibi</strong></span> <span class='ocrx_word' id='word_1_159' title='bbox 810 2687 933 2764; x_wconf 87' lang='lat' dir='ltr'><strong>multo</strong></span> <span class='ocrx_word' id='word_1_160' title='bbox 955 2709 1048 2766; x_wconf 87' lang='lat' dir='ltr'><strong>ante</strong></span> 
     </span>
     <span class='ocr_line' id='line_1_25' title="bbox 64 2791 1046 2883; baseline 0.005 -21"><span class='ocrx_word' id='word_1_161' title='bbox 64 2793 158 2882; x_wconf 86' lang='lat' dir='ltr'><strong>dixi,</strong></span> <span class='ocrx_word' id='word_1_162' title='bbox 184 2816 271 2864; x_wconf 88' lang='lat' dir='ltr'><strong>cnm</strong></span> <span class='ocrx_word' id='word_1_163' title='bbox 285 2791 511 2865; x_wconf 87' lang='lat' dir='ltr'><strong>nullamdei</strong></span> <span class='ocrx_word' id='word_1_164' title='bbox 524 2793 700 2876; x_wconf 80' lang='lat' dir='ltr'><strong>notitiam</strong></span> <span class='ocrx_word' id='word_1_165' title='bbox 717 2793 917 2883; x_wconf 87' lang='lat' dir='ltr'><strong>haberem,</strong></span> <span class='ocrx_word' id='word_1_166' title='bbox 947 2792 1046 2867; x_wconf 81' lang='lat' dir='ltr'><strong>mihi</strong></span> 
     </span>
     <span class='ocr_line' id='line_1_26' title="bbox 63 2891 1045 2988; baseline 0.004 -25"><span class='ocrx_word' id='word_1_167' title='bbox 63 2895 186 2964; x_wconf 88' lang='lat' dir='ltr'><strong>nihilo</strong></span> <span class='ocrx_word' id='word_1_168' title='bbox 207 2893 329 2966; x_wconf 86' lang='lat' dir='ltr'><strong>secius</strong></span> <span class='ocrx_word' id='word_1_169' title='bbox 350 2891 597 2964; x_wconf 87' lang='lat' dir='ltr'><strong>temerarium</strong></span> <span class='ocrx_word' id='word_1_170' title='bbox 620 2891 764 2982; x_wconf 85' lang='lat' dir='ltr'><strong>videri,</strong></span> <span class='ocrx_word' id='word_1_171' title='bbox 804 2892 858 2962; x_wconf 89' lang='lat' dir='ltr'><strong>eis</strong></span> <span class='ocrx_word' id='word_1_172' title='bbox 882 2895 1045 2988; x_wconf 71' lang='lat' dir='ltr'><strong>servire,</strong></span> 
     </span>
     <span class='ocr_line' id='line_1_27' title="bbox 59 2990 1045 3084; baseline 0.006 -24"><span class='ocrx_word' id='word_1_173' title='bbox 59 2995 154 3066; x_wconf 88' lang='lat' dir='ltr'><strong>hinc</strong></span> <span class='ocrx_word' id='word_1_174' title='bbox 178 3017 332 3080; x_wconf 82' lang='lat' dir='ltr'><strong>omnem</strong></span> <span class='ocrx_word' id='word_1_175' title='bbox 362 2994 531 3064; x_wconf 83' lang='lat' dir='ltr'><strong>laborem</strong></span> <span class='ocrx_word' id='word_1_176' title='bbox 555 3007 601 3062; x_wconf 66' lang='lat' dir='ltr'><strong>et,</strong></span> <span class='ocrx_word' id='word_1_177' title='bbox 625 3014 780 3084; x_wconf 84' lang='lat' dir='ltr'><strong>operam</strong></span> <span class='ocrx_word' id='word_1_178' title='bbox 811 2990 1045 3084; x_wconf 84' lang='lat' dir='ltr'><strong>impendant,</strong></span> 
     </span>
     <span class='ocr_line' id='line_1_28' title="bbox 64 3089 1046 3186; baseline -0.002 -17"><span class='ocrx_word' id='word_1_179' title='bbox 64 3111 179 3186; x_wconf 82' lang='lat' dir='ltr'><strong>atque</strong></span> <span class='ocrx_word' id='word_1_180' title='bbox 197 3095 395 3184; x_wconf 85' lang='lat' dir='ltr'><strong>nunquam</strong></span> <span class='ocrx_word' id='word_1_181' title='bbox 410 3093 597 3184; x_wconf 84' lang='lat' dir='ltr'><strong>desistam,</strong></span> <span class='ocrx_word' id='word_1_182' title='bbox 619 3112 763 3174; x_wconf 82' lang='lat' dir='ltr'><strong>nornen</strong></span> <span class='ocrx_word' id='word_1_183' title='bbox 781 3089 843 3162; x_wconf 91' lang='lat' dir='ltr'><strong>dei</strong></span> <span class='ocrx_word' id='word_1_184' title='bbox 860 3093 965 3170; x_wconf 88' lang='lat' dir='ltr'><strong>vobis</strong></span> <span class='ocrx_word' id='word_1_185' title='bbox 980 3110 1046 3166; x_wconf 83' lang='lat' dir='ltr'><strong>an·</strong></span> 
     </span>
     <span class='ocr_line' id='line_1_29' title="bbox 63 3194 1048 3286; baseline 0.002 -22"><span class='ocrx_word' id='word_1_186' title='bbox 63 3195 485 3286; x_wconf 78' lang='lat' dir='ltr'><strong>nuntiare,priusquam</strong></span> <span class='ocrx_word' id='word_1_187' title='bbox 501 3207 552 3284; x_wconf 85' lang='lat' dir='ltr'><strong>te,</strong></span> <span class='ocrx_word' id='word_1_188' title='bbox 567 3194 652 3266; x_wconf 85' lang='lat' dir='ltr'><strong>rex!</strong></span> <span class='ocrx_word' id='word_1_189' title='bbox 669 3207 785 3286; x_wconf 82' lang='lat' dir='ltr'><strong>atque</strong></span> <span class='ocrx_word' id='word_1_190' title='bbox 798 3207 925 3264; x_wconf 85' lang='lat' dir='ltr'><strong>totum</strong></span> <span class='ocrx_word' id='word_1_191' title='bbox 941 3195 1048 3272; x_wconf 89' lang='lat' dir='ltr'><strong>hunc</strong></span> 
     </span>
     <span class='ocr_line' id='line_1_30' title="bbox 63 3295 1048 3388; baseline 0.002 -22"><span class='ocrx_word' id='word_1_192' title='bbox 63 3297 253 3388; x_wconf 86' lang='lat' dir='ltr'><strong>populum</strong></span> <span class='ocrx_word' id='word_1_193' title='bbox 268 3296 313 3365; x_wconf 92' lang='lat' dir='ltr'><strong>ab</strong></span> <span class='ocrx_word' id='word_1_194' title='bbox 330 3317 451 3388; x_wconf 46' lang='lat' dir='ltr'><strong>,opaco</strong></span> <span class='ocrx_word' id='word_1_195' title='bbox 475 3296 610 3368; x_wconf 85' lang='lat' dir='ltr'><strong>erroris</strong></span> <span class='ocrx_word' id='word_1_196' title='bbox 633 3295 805 3384; x_wconf 87' lang='lat' dir='ltr'><strong>tramite,</strong></span> <span class='ocrx_word' id='word_1_197' title='bbox 839 3315 915 3387; x_wconf 91' lang='lat' dir='ltr'><strong>quo</strong></span> <span class='ocrx_word' id='word_1_198' title='bbox 933 3295 1048 3368; x_wconf 87' lang='lat' dir='ltr'><strong>nimis</strong></span> 
     </span>
     <span class='ocr_line' id='line_1_31' title="bbox 67 3393 1049 3487; baseline 0.001 -19"><span class='ocrx_word' id='word_1_199' title='bbox 67 3397 131 3478; x_wconf 85' lang='lat' dir='ltr'><strong>diu</strong></span> <span class='ocrx_word' id='word_1_200' title='bbox 144 3396 360 3485; x_wconf 77' lang='lat' dir='ltr'><strong>incessistis,</strong></span> <span class='ocrx_word' id='word_1_201' title='bbox 383 3398 425 3467; x_wconf 90' lang='lat' dir='ltr'><strong>in</strong></span> <span class='ocrx_word' id='word_1_202' title='bbox 445 3396 620 3468; x_wconf 89' lang='lat' dir='ltr'><strong>candidas</strong></span> <span class='ocrx_word' id='word_1_203' title='bbox 637 3397 720 3487; x_wconf 92' lang='lat' dir='ltr'><strong>spei</strong></span> <span class='ocrx_word' id='word_1_204' title='bbox 736 3393 812 3466; x_wconf 82' lang='lat' dir='ltr'><strong>vias</strong></span> <span class='ocrx_word' id='word_1_205' title='bbox 829 3409 980 3476; x_wconf 70' lang='lat' dir='ltr'><strong>eternae</strong></span> <span class='ocrx_word' id='word_1_206' title='bbox 992 3418 1049 3468; x_wconf 78' lang='lat' dir='ltr'><strong>ss·</strong></span> 
     </span>
     <span class='ocr_line' id='line_1_32' title="bbox 65 3493 1050 3591; baseline 0 -23"><span class='ocrx_word' id='word_1_207' title='bbox 65 3493 157 3578; x_wconf 82' lang='lat' dir='ltr'><strong>lutis</strong></span> <span class='ocrx_word' id='word_1_208' title='bbox 178 3498 392 3570; x_wconf 82' lang='lat' dir='ltr'><strong>traduxero.</strong></span> <span class='ocrx_word' id='word_1_209' title='bbox 452 3499 534 3569; x_wconf 82' lang='lat' dir='ltr'><strong>Rex</strong></span> <span class='ocrx_word' id='word_1_210' title='bbox 550 3495 749 3570; x_wconf 82' lang='lat' dir='ltr'><strong>Valdamar</strong></span> <span class='ocrx_word' id='word_1_211' title='bbox 766 3495 818 3568; x_wconf 86' lang='lat' dir='ltr'><strong>ad</strong></span> <span class='ocrx_word' id='word_1_212' title='bbox 833 3511 1050 3591; x_wconf 71' lang='lat' dir='ltr'><strong>sermonem,</strong></span> 
     </span>
     <span class='ocr_line' id='line_1_33' title="bbox 65 3595 1053 3689; baseline 0.004 -21"><span class='ocrx_word' id='word_1_213' title='bbox 65 3599 169 3684; x_wconf 88' lang='lat' dir='ltr'><strong>illius</strong></span> <span class='ocrx_word' id='word_1_214' title='bbox 191 3598 394 3689; x_wconf 82' lang='lat' dir='ltr'><strong>rospondit,</strong></span> <span class='ocrx_word' id='word_1_215' title='bbox 420 3610 535 3688; x_wconf 88' lang='lat' dir='ltr'><strong>atque</strong></span> <span class='ocrx_word' id='word_1_216' title='bbox 548 3599 602 3678; x_wconf 84' lang='lat' dir='ltr'><strong>ita</strong></span> <span class='ocrx_word' id='word_1_217' title='bbox 618 3599 717 3673; x_wconf 82' lang='lat' dir='ltr'><strong>fatus</strong></span> <span class='ocrx_word' id='word_1_218' title='bbox 730 3611 805 3668; x_wconf 86' lang='lat' dir='ltr'><strong>est:</strong></span> <span class='ocrx_word' id='word_1_219' title='bbox 832 3620 879 3668; x_wconf 82' lang='lat' dir='ltr'><strong>ex</strong></span> <span class='ocrx_word' id='word_1_220' title='bbox 893 3595 1053 3672; x_wconf 68' lang='lat' dir='ltr'><strong>istisne·</strong></span> 
     </span>
     <span class='ocr_line' id='line_1_34' title="bbox 67 3697 1050 3792; baseline -0.004 -21"><span class='ocrx_word' id='word_1_221' title='bbox 67 3699 297 3792; x_wconf 36' lang='lat' dir='ltr'><strong>diolis‚,‚qui</strong></span> <span class='ocrx_word' id='word_1_222' title='bbox 312 3721 358 3768; x_wconf 88' lang='lat' dir='ltr'><strong>ex</strong></span> <span class='ocrx_word' id='word_1_223' title='bbox 382 3698 525 3790; x_wconf 87' lang='lat' dir='ltr'><strong>pulcris</strong></span> <span class='ocrx_word' id='word_1_224' title='bbox 549 3697 626 3770; x_wconf 86' lang='lat' dir='ltr'><strong>tuis</strong></span> <span class='ocrx_word' id='word_1_225' title='bbox 653 3697 932 3778; x_wconf 80' lang='lat' dir='ltr'><strong>hortationibus</strong></span> <span class='ocrx_word' id='word_1_226' title='bbox 949 3697 1050 3780; x_wconf 85' lang='lat' dir='ltr'><strong>reni-</strong></span> 
     </span>
     <span class='ocr_line' id='line_1_35' title="bbox 65 3799 1051 3890; baseline 0.004 -22"><span class='ocrx_word' id='word_1_227' title='bbox 65 3814 170 3883; x_wconf 83' lang='lat' dir='ltr'><strong>tent¹</strong></span> <span class='ocrx_word' id='word_1_228' title='bbox 184 3801 375 3890; x_wconf 81' lang='lat' dir='ltr'><strong>,inducor</strong></span> <span class='ocrx_word' id='word_1_229' title='bbox 391 3801 430 3871; x_wconf 92' lang='lat' dir='ltr'><strong>in</strong></span> <span class='ocrx_word' id='word_1_230' title='bbox 447 3821 565 3890; x_wconf 83' lang='lat' dir='ltr'><strong>spem,</strong></span> <span class='ocrx_word' id='word_1_231' title='bbox 581 3822 740 3882; x_wconf 37' lang='lat' dir='ltr'><strong>,morem</strong></span> <span class='ocrx_word' id='word_1_232' title='bbox 757 3799 1051 3888; x_wconf 76' lang='lat' dir='ltr'><strong>christjauotnm</strong></span> 
     </span>
     <span class='ocr_line' id='line_1_36' title="bbox 66 3897 1051 3997; baseline -0.001 -27"><span class='ocrx_word' id='word_1_233' title='bbox 66 3901 270 3982; x_wconf 80' lang='lat' dir='ltr'><strong>hominurn</strong></span> <span class='ocrx_word' id='word_1_234' title='bbox 285 3915 414 3974; x_wconf 86' lang='lat' dir='ltr'><strong>nostro</strong></span> <span class='ocrx_word' id='word_1_235' title='bbox 438 3913 636 3992; x_wconf 74' lang='lat' dir='ltr'><strong>praestaret</strong></span> <span class='ocrx_word' id='word_1_236' title='bbox 659 3897 956 3997; x_wconf 74' lang='lat' dir='ltr'><strong>2verum1longs·</strong></span> <span class='ocrx_word' id='word_1_237' title='bbox 973 3897 1051 3992; x_wconf 74' lang='lat' dir='ltr'><strong>pri.</strong></span> 
     </span>
    </p>

    <p class='ocr_par' dir='ltr' id='par_1_3' title="bbox 103 4015 1053 4101">
     <span class='ocr_line' id='line_1_37' title="bbox 103 4015 1053 4101; baseline -0.002 -17"><span class='ocrx_word' id='word_1_238' title='bbox 103 4037 129 4101; x_wconf 91' lang='lat'><strong>¹)</strong></span> <span class='ocrx_word' id='word_1_239' title='bbox 152 4031 186 4084; x_wconf 80' lang='lat' dir='ltr'><strong>sd</strong></span> <span class='ocrx_word' id='word_1_240' title='bbox 197 4030 625 4100; x_wconf 47' lang='lat' dir='ltr'><strong>msam=ran0nsm,·sdd.vss‚‹c‚</strong></span> <span class='ocrx_word' id='word_1_241' title='bbox 646 4032 676 4096; x_wconf 80' lang='lat' dir='ltr'><strong>F,</strong></span> <span class='ocrx_word' id='word_1_242' title='bbox 696 4029 725 4082; x_wconf 71' lang='lat' dir='ltr'><strong>S·</strong></span> <span class='ocrx_word' id='word_1_243' title='bbox 818 4039 823 4064; x_wconf 71' lang='lat'>¹</span> <span class='ocrx_word' id='word_1_244' title='bbox 859 4015 862 4022; x_wconf 27' lang='lat'>¹</span> <span class='ocrx_word' id='word_1_245' title='bbox 891 4039 894 4048; x_wconf 83' lang='lat'><strong><em>¹</em></strong></span> <span class='ocrx_word' id='word_1_246' title='bbox 938 4061 940 4070; x_wconf 57' lang='grc' dir='ltr'><strong><em>ι</em></strong></span> <span class='ocrx_word' id='word_1_247' title='bbox 968 4035 971 4042; x_wconf 89' lang='grc'><strong>’</strong></span> <span class='ocrx_word' id='word_1_248' title='bbox 1032 4025 1053 4065; x_wconf 78' lang='grc'><strong>·’</strong></span> 
     </span>
    </p>
   </div>
   <div class='ocr_carea' id='block_1_3' title="bbox 541 4061 970 4198">
    <p class='ocr_par' dir='ltr' id='par_1_4' title="bbox 418 4061 970 4198">
     <span class='ocr_line' id='line_1_38' title="bbox 541 4061 970 4198; baseline 0.007 -21.109"><span class='ocrx_word' id='word_1_249' title='bbox 541 4157 564 4184; x_wconf 24' lang='grc' dir='ltr'><strong>,ψ</strong></span> <span class='ocrx_word' id='word_1_250' title='bbox 663 4129 716 4187; x_wconf 69' lang='grc' dir='ltr'>μ</span> <span class='ocrx_word' id='word_1_251' title='bbox 787 4105 889 4198; x_wconf 51' lang='lat' dir='ltr'><strong>na„</strong></span> <span class='ocrx_word' id='word_1_252' title='bbox 967 4061 970 4069; x_wconf 12' lang='grc' dir='ltr'><strong>Α</strong></span> 
     </span>
    </p>
   </div>
   <div class='ocr_carea' id='block_1_4' title="bbox 0 0 1288 4778">
    <p class='ocr_par' dir='ltr' id='par_1_5' title="bbox 0 0 1288 4778">
     <span class='ocr_line' id='line_1_39' title="bbox 0 0 1288 4778; baseline 0 0"><span class='ocrx_word' id='word_1_253' title='bbox 0 0 1288 4778; x_wconf 95' lang='lat' dir='ltr'><strong> </strong></span> 
     </span>
    </p>
   </div>
  </div>
 </body>
</html>
