2554 4778
302 269 395 355 ι270
587 285 857 346 ..ε-3..
1088 280 1125 339 e.
1146 279 1218 346 no

240 493 273 571 si
285 473 404 586 'quam
419 492 496 562 illis
516 507 629 580 opem
646 501 821 580 praestare
838 499 982 580 posset,
1015 501 1054 560 'se
1073 487 1216 579 locum,

240 595 417 686 adquam
435 593 607 682 primum
627 590 878 679 ¹appulissent,
901 613 947 658 ex
966 589 1046 676 ejus
1065 591 1216 660 nomine

1264 1293 1265 1354 ι

242 693 587 764 denominaturum.
641 690 759 760 Paulo
783 707 868 780 post
883 705 1022 760 terram
1040 705 1217 779 conspex-

243 810 374 881 erunt,
404 815 493 860 cum
518 808 659 860 terram
684 789 729 860 ab
764 790 959 860 occidente
983 790 1220 881 praetervecti

243 908 388 981 essent,
414 908 451 962 et
469 915 512 960 eo
530 893 613 960 loco
633 890 679 958 ad
703 908 845 966 terram
866 893 1113 984 appulerunt,
1146 913 1218 980 quo

241 998 326 1069 loco
343 1015 444 1062 nunc
463 981 735 1084 (lrlygshavnia
750 994 896 1083 (portus
907 983 1054 1086 Orlygi)
1073 989 1218 1076 dicitur,

243 1097 370 1168 sinum
383 1114 469 1162 vero
485 1091 562 1160 ab
552 1091 734 1160 lnleriore
749 1106 854 1185 porte
873 1090 1219 1180 Patrechssjordum

242 1194 499 1286 appellarunt,
544 1213 588 1258 eo
626 1193 711 1262 loco
743 1193 912 1265 hiemem
944 1204 1217 1302 transegerunt.

241 1301 343 1364 Vere
362 1289 536 1383 sequenti
558 1281 721 1386 Orlygus
739 1313 873 1364 navem
891 1313 998 1364 suam
1016 1289 1218 1384 apparavit,

244 1391 1220 1486 etmeridiemversusSnaefellsjiikulempraeternavi

243 1497 365 1591 gavit,
392 1489 480 1562 c'um
498 1515 586 1562 vero
600 1493 642 1560 in
657 1493 783 1564 sinum
797 1507 1022 1588 penetraret,
1038 1492 1131 1562 vidit
1148 1491 1265 1559 duo

243 1613 402 1682 montes,
429 1607 634 1683 utrumque
651 1595 776 1664 valle
766 1607 1026 1678 intersectum,
1042 1589 1221 1684 quaesibi

243 1697 289 1766 ab
322 1695 499 1786 episcopo
534 1694 718 1770 Patrecho
744 1708 972 1770 monstratos
995 1693 1221 1786 intelligens,

244 1796 291 1866 ad
305 1795 508 1865 australem
525 1810 696 1865 montem
711 1795 846 1864 direxit
863 1817 1034 1877 cursum3
1047 1795 1122 1862 hoc
1139 1792 1221 1860 loco

243 1897 504 1983 Kjelarnesum
521 1894 615 1983 fuit,
643 1894 709 1964 ubi
728 1909 868 1964 terram
887 1909 995 1964 antea
1019 1915 1265 1984 occupare

243 2012 303 2066 rat
321 1995 480 2087 Helgius
503 1995 624 2080 Bjola,
654 1996 837 2085 patruelis
863 1985 1040 2088 ortygi.
1065 1992 1223 2084 Helgius

243 2099 350 2184 Bjola
376 2094 451 2164 fuit
479 2096 580 2163 lilius
599 2097 732 2166 Ketilis
754 2095 910 2196 Silonis,
943 2096 1090 2183 Bilitnis
1107 2097 1223 2162 Bunae

244 2196 325 2266 filii
386 2195 604 2264 Proximam
628 2195 798 2268 hiemem
825 2183 987 2289 iirlygus
1013 2193 1114 2286 apud
1134 2193 1226 2266 Hel·

245 2295 365 2390 gium,
382 2306 590 2387 cognatum
609 2315 733 2382 auum,
744 2296 944 2392 transegit,
967 2296 1144 2387 sequenti
1160 2318 1227 2364 au·

245 2412 435 2482 tamvere,
455 2395 838 2492 auctoritateHelgii,
861 2395 1177 2466 ¹'villicationem
1166 2417 1226 2464 ιιι

247 2495 389 2583 stituit,
425 2508 464 2566 et
486 2493 687 2589 Esjubergi
713 2497 917 2584 habitavit,
948 2493 1016 2567 ubi
1034 2495 1153 2566 aedem
1170 2518 1228 2564 so·

248 2619 352 2666 cram
367 2594 508 2664 exstrui
522 2594 629 2684 fecit,
654 2597 711 2666 uti
728 2598 901 2688 episcopo
918 2593 1101 2669 Patrecho'
1116 2515 1265 2688 pelli-i

249 2696 345 2766 citus
360 2695 503 2777 luerat,
525 2694 626 2764 idem
641 2697 816 2770 traditam
830 2699 874 2766 ab
895 2697 1070 2811 episcopo
1098 2718 1227 2766 veram
1264 2643 1265 2794 ι

247 2795 474 2886 religionem
496 2796 675 2886 servavit,
713 2813 752 2866 et
768 2797 867 2868 filius
892 2799 972 2884 ejus
1003 2797 1103 2868 idola
1128 2821 1227 2868 nun·
1264 2781 1265 2854 ι

249 2918 364 2988 quam
387 2893 546 2964 coluisse
568 2893 714 2966 dicitur.
774 2899 891 2972 Multi
911 2912 1093 2988 praetereo
1117 2895 1225 2968 fuere
1264 2989 1265 2992 Ἴ

247 2996 338 3083 viri,
364 2995 430 3086 qui
446 2994 626 3084 baptizati
639 2997 716 3067 huc
740 2997 781 3066 ιιι
798 2999 1002 3070 Islandiam
1023 3013 1225 3086 uenerunt,

250 3111 288 3167 et
309 3096 394 3164 heic
417 3095 609 3165 territoria
640 3113 882 3190 occuparunt.
944 3099 1042 3168 Cum
1065 3121 1159 3168 varo
1182 3121 1227 3168 ex

251 3196 539 3286 occupatoribus
572 3195 706 3266 insule
731 3200 853 3270 multo
877 3201 998 3286 major
1025 3211 1122 3270 esset
1157 3223 1226 3268 nu·
1264 3231 1265 3298 ι

249 3319 377 3367 merus
395 3315 640 3388 paganorum,
669 3301 753 3388 qui,
774 3299 933 3374 deorum
950 3299 1075 3370 cultus
1103 3299 1227 3368 obser·
1264 3321 1265 3328 ¹

250 3396 476 3482 ventissimi,
503 3397 677 3468 omnibus
699 3400 841 3468 viribus
859 3423 954 3470 verae
971 3397 1151 3492 religioni
1166 3401 1227 3470 ad·
1264 3423 1265 3494 t

250 3495 388 3567 versati
414 3508 524 3582 sunt,
557 3513 609 3581 et,
635 3513 679 3566 ut
695 3498 792 3570 inira
808 3500 1226 3588 dicetur,-cltristjanos
1264 3497 1265 3556 ἶ

250 3594 425 3666 homines
449 3595 720 3666 lacessiverunt
750 3616 789 3670 et
816 3602 1132 3692 condemnarunt,
1155 3599 1227 3692 ipsi

178 3757 181 3770 .
251 3718 340 3767 vero
357 3697 550 3784 christiani
575 3698 616 3768 in
636 3697 820 3794 religione
840 3701 971 3772 novitii
988 3715 1129 3786 essent,
1153 3701 1227 3770 fac⁴
1264 3709 1265 3782 ι

128 3795 134 3808 ’
251 3808 430 3881 comest,
459 3811 661 3868 uteorum
686 3801 879 3890 nonnulli,
911 3802 976 3892 qui
1002 3815 1088 3872 ante
1111 3802 1225 3872 verbo

254 3909 360 3966 erant
371 3895 585 3992 christiani,
610 3899 656 3967 ad
676 3903 938 3992 paganismum
954 3901 1223 3972 relaberentur.
1264 3943 1265 3948 κ

252 3997 333 4074 Etsi
340 4017 438 4093 ,aero
450 3997 626 4068 nonnulli
643 4022 688 4068 ex
704 4013 821 4074 terrae
842 4001 1128 4098 occupatoribus
1141 4003 1225 4073 reli
