2526 4782
38 323 221 395 eae-50.
382 329 651 392 ......·······..·.·.·..··
866 307 950 408 101

35 539 315 626 existimabatis,
341 537 534 627 hiemini,
560 563 600 608 re
621 540 673 608 ita
689 532 916 635 comparataj
942 531 1014 640 pro

34 645 180 710 insonte
217 641 332 734 vulgo
362 639 585 724 habebitur3
623 665 748 734 neque
782 659 910 715 tamen
944 673 1013 744 ego

34 754 166 810 auctor
179 765 277 829 sum,
295 755 340 808 ut
353 754 391 808 te
408 741 631 810 inferiorem
646 743 758 812 facias
777 747 933 835 Gorrno,
951 737 1015 838 pass
1066 834 1067 838 Ἰ

33 857 86 910 tre
120 855 216 932 tuo,
256 841 322 934 qui
346 841 552 932 imperium
578 863 765 933 perquam
793 846 915 935 auxit,
950 849 1016 922 sed

32 942 174 1012 minuit
189 943 296 1011 nulla
314 941 356 1009 in
370 965 422 1011 re.
477 947 580 1014 Tum
595 933 661 1011 rei(
671 971 678 1010 :
689 945 780 1035 quid
794 945 912 1040 igitur
929 969 1015 1017 cou-

33 1043 102 1112 silii
136 1043 180 1112 in
216 1043 387 1113 medium
415 1043 580 1135 profers,
615 1044 777 1116 Halon?
823 1048 1015 1138 partiarne

32 1164 207 1236 regnum,
236 1157 274 1211 et
287 1144 391 1212 hunc
407 1157 554 1214 metum
572 1167 592 1212 a
614 1169 677 1214 me
692 1148 913 1216 amoveam?
936 1153 1015 1240 Dy-

32 1257 135 1312 nasta
152 1244 364 1334 respondit:
394 1244 527 1334 paucis
547 1245 755 1332 interjectis
774 1248 905 1316 diebus
922 1251 1015 1338 redi,

32 1347 112 1413 volo
129 1343 234 1412 enirn
250 1345 349 1414 hanc
369 1344 562 1414 difficilem
579 1370 660 1414 rem
677 1349 923 1438 perpendere,
940 1373 1016 1439 quo

32 1445 141 1532 facto,
159 1445 406 1537 aliquidcerti
426 1446 634 1539 expediam.
677 1449 828 1519 Deinde
839 1460 907 1518 rex
929 1472 1018 1538 curn

32 1546 103 1614 suis
120 1545 223 1615 abiit.

206 1645 402 1716 -Comitia
426 1649 608 1718 Hatonis
631 1652 823 1744 dynastoe.
906 1669 908 1688 ¹

82 1748 172 1838 Cap.
199 1756 251 1821 50.
285 1749 368 1816 Jarn
395 1747 530 1818 Hakon
551 1748 706 1842 dynasta
735 1751 776 1820 in
796 1751 1016 1823 meditando

35 1847 274 1938 consiliisque
299 1849 552 1943 excogitandis
591 1866 694 1918 totus
728 1852 823 1938 fuit,
859 1874 1017 1952 paucos-

36 1947 158 2038 quein
169 1946 391 2016 cubiculum
402 1951 729 2018 arbitrosadmisit.
764 1952 1016 2043 'Paucispost

37 2050 167 2118 diebus
195 2069 263 2115 rex
277 2049 463 2118 Haraldus
484 2050 525 2119 in
549 2050 784 2144 colloquium
800 2053 880 2139 ejus
897 2055 1015 2143 venit,

37 2171 197 2239 eumque
216 2147 482 2243 interrogavit,
510 2173 558 2219 an
576 2175 658 2220 rem
682 2151 945 2242 deliberasset,
971 2155 1018 2222 de

18 2235 106 2339 ‘qua
120 2248 312 2340 superiore
331 2249 390 2318 die
406 2253 645 2324 mentionem
663 2251 880 2322 movissent.
934 2259 1017 2346 Dy-

36 2363 134 2418 nasta
150 2349 373 2439 respondet:
398 2352 504 2420 eade
523 2377 563 2421 re
583 2367 699 2422 noctu
729 2353 871 2443 diuque
894 2357 1019 2445 pervi-

38 2452 86 2544 gil
102 2449 340 2520 et'insomnis
360 2451 541 2544 cogitavi,
566 2453 725 2551 hacque
753 2453 849 2523 ratio
872 2455 1019 2546 optima

38 2551 108 2617 visa
133 2565 210 2640 est,
240 2565 285 2620 ut
309 2566 435 2621 toturn
460 2574 644 2646 regnum,
679 2552 781 2646 quod
796 2567 907 2643 pater
927 2556 1018 2623 tuus

40 2652 217 2740 possedit,
242 2653 418 2744 quodque
434 2655 600 2722 moriens
619 2654 688 2722 tibi
710 2653 884 2744 reliquit,
921 2655 1017 2724 obti-

39 2773 119 2820 neas
142 2765 181 2820 et
197 2755 372 2842 retineas,
394 2755 558 2828 Haraldo
569 2777 657 2823 vero
675 2767 812 2850 agnato
828 2767 896 2824 tuo
912 2756 1019 2825 aliud

41 2851 153 2922 tradas
167 2873 351 2946 regnum,
374 2855 474 2944 quod
486 2857 672 2924 honorem
689 2857 769 2941 ejus
786 2857 1019 2946 amplificare

41 2955 161 3040 possit.
229 2955 328 3047 Quid
355 2955 428 3023 hoc
462 2956 569 3050 regni
600 2969 676 3043 est,
713 2957 876 3044 nitran,
918 2955 1019 3045 quod

41 3053 181 3122 tradere
195 3054 360 3124 Haraldo
379 3078 465 3124 meo
483 3057 568 3141 jure
588 3056 687 3123 mihi
705 3055 836 3142 liceat,
862 3055 894 3125 si
920 3055 1018 3123 indi-

41 3153 155 3225 visum
175 3156 346 3224 retinebo
366 3155 499 3226 Daniae
523 3155 754 3246 imperium?
776 3159 943 3246 Dynasta
960 3179 1019 3224 ree

43 3257 206 3344 spondet:
231 3256 418 3349 Norvegia
439 3271 516 3344 est,
542 3256 713 3326 domine!
738 3279 863 3351 reges,
879 3256 945 3348 qui
962 3255 1020 3324 ibi

42 3370 135 3445 sunt,
169 3356 244 3426 toti
269 3359 414 3448 populo
448 3357 540 3426 adeo
562 3371 650 3426 sunt
673 3356 809 3445 odiosi,
837 3371 881 3426 ut
903 3377 1017 3426 nemo

12 3471 15 3480 ⁴
41 3455 89 3544 sit,
115 3457 209 3548 quin
225 3461 324 3526 male
343 3459 394 3526 eis
410 3457 513 3547 velit,
525 3481 650 3550 neque
666 3458 706 3526 id
714 3458 921 3526 immerito
946 3459 1018 3528 Re-

44 3559 183 3646 spondit
204 3579 289 3630 rext
309 3559 494 3654 Norvegia
512 3573 568 3628 est
585 3573 687 3628 terra
702 3561 933 3649 latepatens,
953 3578 1019 3646 po·

43 3658 144 3744 pnlus
166 3657 305 3748 durus,
330 3681 446 3750 quem
462 3675 590 3728 extera
608 3683 726 3729 manu
745 3658 902 3752 aggredi
924 3655 1020 3726 difli-

44 3757 105 3826 cile
132 3772 208 3846 est,
247 3761 350 3850 quod
378 3760 525 3852 experti
552 3783 704 3846 sumus,
731 3760 891 3836 Hakone
908 3759 1021 3829 Adel-

7 3935 8 3954 }
45 3861 164 3929 steinis
180 3862 336 3929 alumno
360 3875 503 3931 terram
525 3861 774 3948 defendente,
801 3871 887 3928 turn
917 3861 1020 3929 enim

7 3991 8 4048 3
46 3975 251 4030 nostrorum
273 3964 416 4031 multos
438 3964 655 4049 amisimus,
689 3962 796 4030 nulla
828 3975 1022 4051 reportata

46 4057 208 4146 victoria3
243 4086 317 4153 quo
349 4065 518 4152 accedit,
557 4064 658 4155 quod
687 4061 873 4132 Haraldus
901 4058 1021 4132 Eiriki

47 4157 136 4228 lilius
153 4165 330 4234 alumnus
347 4187 455 4234 meus
480 4179 556 4250 est,
581 4188 696 4255 quern
710 4184 813 4254 genu
837 4184 924 4232 meo
951 4161 1022 4228 im-
