2534 4778
69 321 262 398 oso-or·
439 315 708 392 m
748 357 752 366 .

63 533 155 604 simi
193 529 331 605 amici·
357 530 514 625 digressi
541 547 639 602 sunt.
674 537 805 608 ·Tum
828 539 935 632 Vagn
966 559 1058 606 una·¹

63 657 158 703 cum
204 657 324 704 uxore
365 657 431 703 sua
457 633 682 727 ¹ingibjarga
719 647 890 709 austrum
928 659 1057 706 versus

61 734 107 802 in
122 736 290 805 Daniam
304 735 462 828 domum
483 735 696 825 profectus,
723 736 763 804 in
783 735 913 806 Fionia
929 761 1057 806 conse-

63 835 141 923 dit,
175 849 214 903 et
228 837 404 926 princeps
428 833 548 903 clarus
573 836 712 924 evasit,
735 837 925 928 multique
941 839 986 907 ab
1011 859 1056 906 eo
1109 859 1120 879 ·

63 936 303 1005 descendunt
321 935 391 1002 viri
408 933 584 1004 illustres.
639 938 753 1024 Bjdrn
769 937 966 1008 Britannus
995 961 1056 1007 oc-

64 1036 261 1106 sidentem
277 1057 404 1104 versus
428 1035 469 1103 in
489 1037 742 1108 Bretlandiam
770 1037 980 1128 profectus,
1014 1038 1057 1106 in

59 1137 365 1226 possessionibus
382 1135 458 1206 suis
482 1137 660 1221 consedit,
686 1137 827 1252 ibique,
855 1138 975 1227 donec
990 1159 1056 1207 na-

60 1261 124 1307 ves
143 1237 246 1308 inter
262 1251 383 1307 terras
402 1253 677 1327 commearent,
705 1237 853 1308 mansit.

288 1339 351 1410 De
369 1340 518 1430 regeOl
518 1363 593 1408 avo
605 1352 642 1408 et
659 1341 818 1432 ij'rne

114 1438 207 1530 Cap.
230 1447 283 1512 91.
321 1440 402 1510 Rex
444 1437 582 1506 Olavus
607 1438 790 1535 Tryggvii
819 1437 920 1508 filius
949 1447 1055 1504 trans

59 1561 169 1607 mare
181 1536 420 1608 occidentale
440 1540 877 1625 commorabatur30u1n
891 1559 979 1607 vero
995 1538 1053 1606 in·

62 1639 175 1708 cendi
202 1638 376 1731 coepisset
404 1637 610 1728 cupiditate
638 1641 826 1709 orientem
859 1661 987 1708 versus
1010 1639 1053 1706 in

60 1739 296 1832 Norvegiam
314 1739 520 1828 redeundi„
547 1757 602 1810 ut¹
620 1739 801 1833 cognatos
826 1763 913 1808 suos
935 1754 1051 1829 atque

59 1842 338 1932 patrimonium
361 1840 516 1926 viseret,
553 1855 638 1910 tum
661 1839 794 1910 sedulo
827 1839 1051 1932 perquirere

51 1941 178 2033 ¹coepit
193 1941 239 2009 de
260 1942 430 2012 moribus
451 1941 669 2032 principum
688 1943 900 2038 Norvegiae,
934 1955 1049 2030 atque

62 2043 110 2112 de
127 2041 211 2112 aliis
228 2043 353 2134 regnis
368 2040 557 2111 orientem
572 2064 703 2111 versus
723 2056 826 2110 trans
838 2065 942 2111 mare
957 2040 1047 2110 sitis.

60 2146 115 2213 Ut
131 2157 261 2212 autem
279 2143 393 2229 Bjdrn
412 2141 610 2212 Britannus
634 2141 873 2211 occidentem
895 2149 1046 2211 versust

59 2243 256 2334 pervenit,
284 2267 350 2312 rex
370 2243 509 2312 Olavus
528 2265 613 2312 vera
634 2241 787 2312 rescivit
800 2243 848 2312 de
875 2241 1050 2311 omnibus

60 2346 178 2412 rebus
211 2343 442 2435 precedenti
474 2342 602 2414 hieme
636 2345 676 2412 in
701 2345 890 2435 Norvegia
919 2343 1046 2437 gestis,

59 2459 141 2513 tam
167 2444 213 2511 de
236 2445 370 2534 proelio
399 2444 609 2538 piratarum
631 2445 884 2531 Jomensium,
933 2462 1048 2534 quam

61 2544 167 2638 quod
181 2545 317 2614 Hakon
332 2545 487 2635 dynasta
504 2558 662 2640 gnatum
676 2567 792 2612 suum
805 2543 970 2628 victoriae
981 2568 1048 2630 er·

59 2671 107 2742 go
143 2645 392 2729 immolasset;
436 2646 622 2734 comperit
656 2665 826 2736 quoque,
861 2643 1045 2736 dynastas,

60 2747 264 2818 Hakonem
280 2763 318 2814 et
335 2745 518 2834 Eirikum,
543 2768 721 2840 magnam
735 2746 806 2815 sibi
826 2745 1045 2812 conciliasse

59 2848 197 2939 populi
213 2847 434 2940 gratiam-ob
452 2859 685 2935 reportatam
699 2845 744 2913 de
754 2847 884 2938 piratis
893 2849 1044 2932 lemen-¹

59 2949 167 3017 sibus
185 2941 403 3035 victoriam,
427 2967 541 3038 quam
559 2945 689 3036 adepti
707 2961 831 3014 totum
858 2943 1045 3035 populum

59 3049 103 3118 ab
123 3049 198 3116 lroc
213 3049 315 3116 bello
329 3048 588 3116 liberaverant.
641 3047 722 3117 Rex
741 3047 891 3133 Olavus,
913 3058 957 3112 ut
967 3043 1043 3132 alii,

58 3152 242 3226 virtutem
260 3150 469 3240 piratarum
492 3147 725 3218 Jomensium
741 3146 978 3232 collaudavit,
1004 3159 1044 3213 at

58 3251 169 3320 valde
191 3249 316 3318 doluit
333 3249 378 3318 de
393 3271 528 3343 magna
549 3251 614 3318 illa
629 3249 800 3336 feritate,
825 3247 961 3360 quaein
978 3256 1043 3313 na*

59 3353 128 3420 tali
151 3375 220 3420 sua
242 3366 343 3418 terra
370 3351 614 3442 grassabatur
675 3351 743 3420 His
765 3347 911 3416 nuntiis
934 3347 1040 3414 valde

54 3469 161 3556 aucta
185 3465 253 3521 est
290 3451 533 3541 ctrpidmejus
559 3452 746 3555 orientem
780 3471 908 3518 versus
939 3464 1040 3516 trans

53 3549 159 3622 mare
176 3553 302 3639 eundi,
327 3553 453 3625 animo
465 3544 573 3622 enim
585 3551 792 3668 constituit,
810 3575 840 3618 st
829 3549 950 3616 deus
968 3547 1040 3614 sibi

57 3675 222 3748 regnum
239 3655 435 3750 Norvegioe
451 3655 618 3723 nancisci
607 3655 755 3739 daret,
782 3671 934 3718 omnem
951 3669 1039 3736 ope-

58 3778 143 3824 ram
160 3777 309 3840 navare,
331 3771 375 3822 ut
391 3755 493 3822 hunc
516 3755 703 3846 populum
721 3703 768 3821 ad
785 3772 910 3818 veram
923 3747 1041 3817 fidem

58 3869 318 3942 converteret,
354 3855 470 3946 idque
494 3879 538 3922 eo
565 3855 704 3948 magis,
741 3849 873 3942 quod
862 3849 1038 3919 mimicus

58 3981 128 4051 per
139 3959 243 4026 hunc
265 3977 377 4026 suum
398 3954 614 4023 ministrum
638 3979 679 4024 ac
709 3965 935 4044 apostatam,
962 3951 1040 4018 Ha

57 4063 197 4128 konem
219 4053 433 4148 dynastam,
455 4070 579 4124 totum
596 4056 696 4126 hunc
710 4053 898 4147 populum
917 4047 1035 4138 pluri·

55 4169 117 4178 ..ι-,α

101 4188 172 4256 1)'1,
202 4207 231 4238 e.
253 4207 285 4240 ex
303 4187 478 4238 Bretlaudia
469 4187 681 4249 instillandum,
705 4188 751 4236 cfr.
779 4186 825 4234 fin
844 4201 900 4252 cap.
922 4177 1037 4250 pr·aeced
