2554 4778
38 327 74 386 o
99 327 256 394 rso-rar.
420 315 694 370 m
876 310 974 401 '285

39 539 341 632 amplitudinem
363 529 648 624 et'dignita'tem,
671 535 870 625 quamnos'
886 551 961 608 tres
979 557 1040 610 re-·

38 661 121 732 ges.
195 642 295 712 Hinc
320 643 453 732 magna
471 633 607 703 -laetitia
637 633 678 701 in
705 639 789 704 aula
815 655 942 708 exorta
969 656 1034 730 est,

39 740 194 809 cunctis
210 764 279 833 par
295 740 413 807 risum
424 736 754 826 interrogantibus,
776 739 857 828 quis
869 756 933 809 aut
948 763 1037 831 qua·

37 842 87 908 lis
113 842 180 909 hic
199 841 256 910 vir
271 852 383 926 esset,
414 837 459 904 de
480 855 557 924 quo
577 849 700 904 tantas
715 861 772 904 res
790 841 1037 928 praedicaret?

40 941 190 1034 Quibus
202 941 291 1009 ille:
325 939 388 1006 hic
407 936 482 1020 vir,
510 931 555 1001 de
574 941 649 1023 quo
666 936 747 1002 haec
766 939 945 1029 praedico,
982 943 1037 1011 ita

40 1041 213 1131 prudens
236 1055 311 1126 est,
341 1053 386 1106 ut
407 1033 759 1127 sapientem-regem
777 1060 855 1107 esse
874 1040 1035 1129 deceret,

40 1141 223 1212 robustus
255 1155 293 1208 et
317 1138 524 1220 animosus,
562 1147 608 1200 ut
630 1135 857 1206 fortissimus
881 1141 1035 1230 atlileta',

47 1265 93 1309 ea
107 1263 271 1309 morum
288 1239 448 1329 vitaeqne
465 1239 689 1325 praestantia,
718 1259 789 1324 qua
806 1241 954 1328 sapiens
971 1265 1036 1334 op-

42 1342 144 1408 time
159 1353 336 1410 moratus.
390 1335 538 1408 Deinde
551 1333 696 1403 iactum
715 1336 933 1426 Thorvaldi,
955 1353 1036 1410 mo‘·

45 1441 96 1510 do
114 1454 466 1524 commemoratum,
479 1436 671 1526 exposuit,
691 1439 879 1526 quomodo
904 1455 1036 1534 regem

45 1543 189 1634 gratia,
216 1563 288 1631 qua
303 1541 468 1624 valebat,
495 1537 678 1604 et‘multis
703 1533 910 1608 illustribus
926 1541 1036 1610 factis

49 1656 91 1710 et
107 1643 289 1732 praeclare
309 1641 445 1731 gestis,
471 1635 710 1704 liberavisset.

65 1777 71 1785 ·
102 1741 182 1834 Cap
207 1751 279 1812 tar.
305 1742 394 1809 Post
411 1738 510 1824 haec,
541 1759 629 1804 curn
651 1737 886 1808 Thorvaldus
912 1741 1036 1808 multa

46 1843 135 1910 loca
152 1839 328 1928 obiisset,
362 1858 489 1906 veram
507 1835 730 1930 religionem
745 1841 962 1930 amplexus,
999 1853 1037 1908 et

47 1943 94 2010 ab
117 1940 292 2032 episcopo
311 1943 467 2025 Saxone,
489 1937 644 2004 nomine
660 1938 848 2026 Fridreko,
871 1941 1037 2031 baptiza·

48 2057 208 2123 tusest3
240 2041 442 2131 quoiacto,
469 2037 686 2127 episcopum
699 2040 917 2108 Fridrelrum
936 2057 1037 2108 sum-

46 2165 114 2210 mo
129 2139 257 2209 studio
276 2139 442 2230 rogavit,
473 2149 524 2206 'ut
551 2157 681 2206 secum
697 2139 749 2207 ‘in
765 2137 965 2210 Islandiam
991 2141 1038 2210 atl

49 2241 219 2310 divinam
237 2241 462 2332 religionem
477 2238 773 2309 annuntiandam
784 2242 1037 2330 proficiscere·-

48 2345 342 2431 tur,⁴et{patrem
351 2352 603 2428 matremque,
617 2339 786 2430 aliosque
803 2341 1038 2431 propinquos

50 2453 248 2534 cognatos,
264 2439 311 2510 ad
329 2439 681 2530 deum‘converrer'e
698 2453 908 2508 conaretur.
962 2445 1037 2510 An·

48 2541 331 2611 nuitlubenter
349 2540 562 2630 episcopus,
593 2550 634 2604 et
644 2538 689 2607 in
705 2539 907 2609 Islendism
925 2543 1037 2624 traje-

51 2643 125 2734 cit,
143 2641 261 2710 ·iacili
286 2639 524 2732 navigatione
541 2659 640 2705 usus.
678 2655 682 2666 ·
701 2638 852 2708 Kodran
878 2656 1046 2732 gnatum*

50 2763 167 2813 suurn
193 2741 339 2832 prolixe
365 2740 524 2830 excepit:
584 2738 819 2808 Thorv'altlus
843 2754 882 2808 et
896 2740 1037 2830 episco-

51 2865 126 2936 pus
152 2842 313 2932 primam
337 2841 505 2910 hiemem
530 2839 628 2930 apud
652 2840 863 2908 Kodranem
890 2841 1035 2927 Gi‘ljaae,
1137 2885 1139 2889 v

52 2940 239 3012 tredecim
257 2941 423 3030 omnino,
450 2951 713 3032 peregerunt.¹
745 2939 899 3030 Incepit
910 2940 1038 3028 statim

54 3041 296 3115 Thorvaldus
307 3040 474 3134 cognatis
489 3041 575 3127 suis,
582 3041 837 3130 'omnibusque
853 3063 892 3108 se
902 3061 1038 3110 conve·

52 3141 257 3228 nientibus,
272 3141 439 3210 divinam
457 3139 680 3232 religionem
698 3139 929 3227 annuntiare,
947 3152 1038 3222 (sen
1074 3183 1076 3188 ·

53 3267 121 3314 mo
139 3243 461 3311 enimincolarum
478 3241 650 3334 episcopo
661 3243 810 3338 ignotus
829 3251 934 3328 erat),
944 3253 1050 3308 non-'

53 3343 172 3412 nullis
186 3343 254 3410 hac
272 3341 399 3410 hieme
416 3339 463 3408 ad
483 3361 609 3410 veram
626 3343 846 3436 religionem
866 3341 1040 3410 adhorta·

54 3445 163 3512 tione
180 3441 383 3516 Thorvaldi
397 3439 598 3532 perductis.
663 3443 741 3514 lam
760 3463 848 3510 vero
867 3442 1037 3530 primum
1150 3447 1152 3454 ’

56 3543 222 3629 dicetur,
250 3564 336 3630 ‘qua-
354 3541 499 3610 ratione
517 3557 662 3632 patrem
685 3551 794 3611 sunm
809 3553 847 3608 et
864 3539 1037 3608 domesti-

58 3663 119 3712 cos
135 3642 216 3727 eius
236 3642 282 3710 ad
291 3660 418 3710 veram
432 3641 656 3734 religionem
672 3639 900 3732 perduxerit.
928 3643 1037 3710 Festo

59 3743 222 3834 quodam
233 3741 313 3828 die,
330 3763 417 3808 curn
430 3740 629 3832 episcopus
647 3741 845 3812 Fredrikus
859 3761 945 3808 cum
964 3742 1038 3808 cle·

57 3843 144 3911 ricis
165 3843 240 3911 suis
266 3863 370 3909 sacra
396 3857 434 3910 et
454 3859 538 3916 rem
562 3842 724 3912 divinam
752 3839 1037 3928 administraret,

58 3943 188 4014 aderat
204 3941 363 4029 Kodran,
389 3941 507 4034 magis
527 3942 738 4012 curiositate
755 3941 900 4028 ductus,
923 3955 1050 4029 quant>

59 4042 162 4134 quod
185 4041 226 4110 in
245 4042 423 4132 praesenti
444 4043 580 4113 ritibus
600 4065 730 4113 eorum
749 4040 963 4111 consentire·
976 4037 1038 4107 de·
1125 4124 1127 4131 .

61 4143 255 4228 crevisset,
295 4163 382 4212 cum
398 4165 487 4212 vero
503 4144 648 4213 audiret
663 4145 825 4217 sonitum
843 4159 1040 4232 campana-
