2554 4778
506 323 510 332 .
667 319 698 373 ff

72 538 184 610 ficisci
199 535 424 632 cogitarent3
443 537 613 608 nondum
637 537 740 610 enim
763 543 923 626 mutatio
948 541 1050 636 prin-¹
1144 599 1149 608 .

72 639 198 732 cipum
219 642 265 710 od
279 663 383 708 aures
407 662 539 707 eorum
555 659 781 729 pervenerat.
834 645 957 735 Prope
972 644 1051 712 sel·-

69 741 146 827 jam
163 737 437 831 praetervecti1,
467 739 640 830 (publico
668 742 770 812 enirn
798 744 922 814 cursui
949 741 1048 828 adja-

71 840 164 934 cet),
189 865 276 920 curn
293 839 638 928 animadverterent,
656 842 895 931 splendidum
914 861 951 912 et
961 845 1049 936 ‘pul-

72 963 180 1011 crum
202 944 335 1012 lumen
359 961 405 1008 ex
428 942 522 1008 coelo
550 940 591 1006 in
617 965 719 1010 mare
746 949 863 1035 prope
884 945 1050 1014 insulam

68 1039 176 1130 ferri,
204 1045 310 1129 cujus
327 1037 455 1134 fulgor
471 1039 517 1110 ad
533 1055 671 1110 terram
685 1044 913 1134 pertinebat,
946 1067 1049 1136 spec-

67 1144 186 1212 taculi
203 1140 386 1212 miraculo
402 1141 522 1232 capti,
548 1165 683 1211 navem
703 1142 751 1212 ad
775 1161 914 1214 terram
931 1168 1047 1236 appu-

70 1242 219 1334 lerunt,
243 1241 312 1312 soli
334 1244 508 1311 naturam
532 1243 750 1334 scrutaturi,
784 1267 859 1334 quo
883 1247 967 1316 loco
981 1245 1048 1314 hic

66 1343 191 1412 radius
217 1340 443 1436 splendebat.
475 1417 479 1423 ,
496 1341 639 1438 Egressi
654 1343 695 1413 in
709 1344 893 1434 insulem,
932 1367 1050 1438 prope

66 1467 87 1511 a
118 1445 241 1533 mari,
277 1465 320 1511 eo
337 1442 419 1534 ipso
436 1443 540 1532 loco,
579 1442 646 1510 ubi
684 1445 815 1514 lumen
848 1457 1049 1538 conspexe-

66 1560 171 1633 rant,
206 1555 322 1636 caput'
342 1542 555 1612 humanum
581 1541 825 1634 invenerunt,
862 1549 1049 1616 nitore'et

67 1645 189 1740 gratia
220 1643 486 1734 conspicuum5
521 1667 610 1712 cum
639 1667 729 1713 vero
761 1659 940 1737 praeterea
965 1657 1048 1714 sua·
1084 1702 1088 1710 .
1175 1695 1178 1706 .

65 1767 152 1813 vem
177 1746 357 1815 sentirent
378 1743 553 1831 odorem,
588 1745 737 1834 qualem
758 1769 957 1838 nunquam
982 1769 1049 1814 on·

64 1859 123 1913 tea
148 1845 498 1931 animadverterunt,
524 1843 605 1931 etsi,
633 1845 881 1937 paganicum
914 1862 1047 1933 essent,

64 1965 142 2012 non
153 1946 427 2037 intelligerent,
453 1943 543 2034 quid
559 1943 629 2012 sibi
648 1945 759 2014 vellet
780 1947 872 2016 odor
887 1946 953 2014 ille
970 1945 1046 2014 exi*

63 2046 176 2130 mius,
194 2046 254 2114 *rei
276 2045 473 2114 insolentia
493 2045 666 2134 permoti,
699 2063 813 2137 caput
835 2055 1048 2116 reverenter

64 2146 321 2230 sustulerunt,
346 2169 441 2238 puro
456 2165 579 2235 panno
595 2143 832 2216 involverunt
851 2164 888 2216 et
916 2165 1047 2218 secum

64 2246 316 2336 abstulerunt,
351 2265 400 2314 ut·
424 2244 471 2315 ad
492 2244 690 2314 Hakonern
712 2245 902 2338 dynastam
929 2245 1047 2315 deler-

63 2361 169 2433 rent,
198 2371 311 2438 quern
323 2345 502 2438 sapientia
514 2369 598 2434 sua,
633 2345 725 2436 quid
749 2347 823 2416 hoc
847 2346 1047 2438 portende-

61 2460 140 2533 ret,
165 2445 450 2516 intellecturum
466 2446 657 2536 putabant.
711 2445 858 2516 Deinde
874 2447 945 2515 iter
962 2468 1047 2537 per*

62 2561 271 2635 sequentes,
293 2570 380 2616 curn
402 2547 554 2614 boream
569 2568 694 2616 versus
717 2547 872 2616 stadum
887 2559 1047 2639 'praeter-

60 2645 161 2714 vecti
181 2663 315 2736 essent,
346 2659 591 2739 acceperunt,
624 2645 821 2716 Holconern
855 2645 1047 2738 dynastam

60 2743 307 2816 intersectum
324 2769 421 2835 esse,
442 2749 521 2833 ejus
538 2769 623 2814 vero
637 2747 722 2815 loco
744 2747 950 2840 imperium
969 2757 1046 2814 sus·
1106 2761 1109 2776 '

64 2847 209 2938 cepisse
226 2849 419 2942 egregium
434 2868 574 2938 regem,
588 2848 750 2916 Olavum
769 2847 955 2942 Tryggvii
974 2846 1047 2914 lili·

62 2969 152 3030 um,
185 2947 245 3016 illi
265 2947 522 3016 nihilosecius
542 2965 833 3038 perseverarunt,
857 2947 960 3014 hunc
977 2967 1044 3014 no-

60 3067 157 3114 vum
198 3071 324 3143 regern
355 3045 595 3133 conventuri,
627 3049 739 3136 cujus
770 3045 977 3115 bonitatem
1009 3059 1047 3113 et

58 3147 383 3240 magnificentiam
400 3169 629 3240 magnopere
644 3146 840 3240 praedicari
862 3169 1047 3240 cognove-

60 3264 165 3314 runt.
218 3248 364 3340 Itaque*
383 3249 516 3317 itinere
557 3270 633 3316 non
670 3247 774 3340 prius
814 3246 1045 3334 destiterunt,

61 3369 179 3438 quam
197 3347 491 3446 boream4versus
507 3348 644 3418 Hladas
664 3349 710 3417 nd
731 3371 860 3442 regern
886 3347 1046 3416 Olavum
1126 3397 1130 3406 -

58 3446 324 3540 pervenissent,
336 3448 401 3539 qui
417 3471 478 3516 eos
492 3469 628 3540 magna
644 3447 821 3518 comitate
835 3446 991 3537 excepit,
1000 3445 1046 3530 si·

59 3548 192 3616 mulae
208 3549 331 3638 novit,
359 3549 511 3640 quinam
534 3564 664 3618 essent.
712 3553 819 3621 ¹Mon
842 3547 919 3616 illis
941 3554 1045 3614 sanc·

58 3663 141 3716 tam
157 3646 269 3716 fidem
288 3649 513 3731 annunciare
529 3648 653 3740 erepit,
679 3665 716 3718 et
735 3664 873 3741 petere,
900 3661 944 3714 ut
957 3647 1046 3737 bap·-

58 3749 173 3817 tismo
191 3748 332 3817 initiari
348 3750 531 3818 sinerent:
559 3749 661 3838 quod
676 3749 707 3818 si
722 3750 828 3834 jussu
843 3769 929 3816 rneo
955 3745 1047 3815 faci·

58 3849 121 3934 tis,
152 3846 204 3916 ait
221 3871 297 3936 ren,
330 3874 391 3918 me
421 3847 643 3918 amicissimo
676 3848 840 3919 invicem
863 3845 1046 3929 utemini3

57 3947 139 4032 illi,
185 3971 267 4017 rem
296 3949 397 4016 haud
431 3948 697 4038 detrectantes,
740 3947 974 4042 significant,
1006 3967 1045 4012 se

59 4046 234 4117 officium
249 4073 359 4116 suum
370 4050 405 4117 ei
423 4051 595 4119 lubenter
609 4050 809 4122 delaturos.
864 4047 962 4114 Cum
976 4042 1045 4114 ali-

59 4155 266 4172 *ηιμ-..σοι
293 4155 321 4164 -ι

114 4177 151 4251 ²)
176 4190 201 4230 et
219 4181 248 4229 in
266 4175 408 4250 Ulissunda
426 4177 504 4248 (freta
515 4177 591 4250 ¹Ulli)
607 4180 797 4250 pervenientes,
813 4174 874 4229 add.
891 4177 922 4229 F.
