2534 4778
269 262 359 356 240
552 281 822 346 ...q-:-
983 280 1178 346 caunos

203 510 261 568 tes
279 492 489 580 contendit,
518 513 586 587 ego
604 512 698 558 vero
715 511 845 560 somno
863 489 1047 587 evigilavi.
1098 501 1182 589 Dy-

203 613 307 668 nasta
332 599 399 668 ait:
433 596 507 664 hoc
532 592 677 661 somnio
704 589 904 686 significari
920 608 1036 685 puto,
1062 596 1184 666 inter-

203 700 347 768 fectum
363 718 441 766 esse
458 693 676 778 Erlendum,
700 691 823 762 filium
840 715 980 764 meum.
1033 699 1184 768 Karkus

205 801 321 868 altera
346 799 427 866 vice
454 793 698 880 obdormivit,
734 808 773 860 et
797 808 948 862 utente
980 799 1183 866 insomniis

205 898 369 991 agitatus
391 911 456 966 est.
510 900 783 983 Expers-ectum
800 893 956 986 dynasta
972 898 1184 994 iuterroga-

205 1002 275 1068 vit:
299 999 389 1090 quid
403 1001 481 1085 jam
496 995 714 1065 somniasti?
736 997 872 1062 Servus
889 1000 1100 1086 respondit:
1132 1003 1185 1066 vi-

205 1123 267 1168 sus
293 1101 387 1170 mihi
409 1099 510 1166 idern
534 1096 599 1164 ille
623 1096 681 1161 vir
697 1110 753 1163 est
775 1096 949 1164 deorsum
969 1099 1184 1169 secundum

205 1201 303 1272 latus
318 1198 457 1268 montis
477 1197 593 1264 rheda
613 1196 722 1284 vehi,
747 1211 786 1264 et
798 1197 844 1264 ad
856 1212 1013 1268 antrum
1032 1200 1182 1268 delatus

205 1301 349 1392 alloqui
365 1322 444 1368 me:
471 1295 731 1388 dic'dynestae,
764 1297 949 1384 jomlreta
973 1301 1103 1368 omnia
1126 1303 1183 1369 in·

204 1402 474 1468 terclusaesse.
537 1397 689 1486 Satrapa
719 1399 938 1488 respondet:
975 1401 1070 1469 adeo
1096 1401 1182 1469 vitae

204 1514 339 1570 nostrae
357 1523 433 1570 non
446 1498 612 1569 multum
625 1519 819 1590 superesse
834 1499 1030 1594 significas.

350 1600 524 1686 Erlendi,
547 1599 624 1690 filit
648 1601 861 1690 Dymanta,
899 1605 1031 1670 ooedes.

257 1703 344 1792 Cap.
363 1709 433 1772 103.
466 1701 556 1770 Post
578 1699 718 1768 caedem
743 1699 922 1770 Thoreris
942 1701 1093 1770 Klakkae
1115 1725 1183 1772 rex

208 1807 345 1875 Olovus
369 1823 456 1870 cum
472 1801 639 1891 quinque
655 1799 777 1896 longis
791 1802 949 1868 navibus
974 1803 1108 1872 sinum
1127 1805 1184 1871 in-

205 1923 353 2000 gressus
373 1922 448 1984 est,
474 1900 537 1968 cui
554 1901 700 1969 obviam
716 1900 880 1968 tetendit
908 1925 953 1968 ex
977 1903 1064 1971 sinu
1084 1905 1182 1972 inte-

142 2019 148 2028 '
206 2001 523 2090 rioreErlendus,
558 2002 840 2072 liliusHukonis
865 2000 1048 2093 dynastae,
1082 2017 1181 2072 tres¹

208 2106 347 2173 (lucens
364 2123 497 2184 naves3
521 2111 584 2170 aer
601 2115 681 2170 erat
696 2102 945 2191 tranquillus,
976 2127 1093 2195 quare
1118 2129 1184 2173 na·

207 2227 269 2272 ves
289 2202 393 2272 brevi
412 2203 512 2270 inter
536 2226 575 2269 se
602 2203 970 2292 appropinquabant,
1008 2206 1183 2296 utrisque

205 2305 368 2374 invicem
383 2324 427 2370 ex
438 2301 594 2370 adverso
611 2304 890 2394 remigantibus
931 2306 1109 2396 Quicum
1126 2308 1182 2374 in·

207 2419 267 2472 ter
284 2427 324 2472 se
340 2403 442 2472 brevi
459 2404 580 2491 spatio
599 2405 791 2492 abessent,
818 2405 1020 2493 Erlendus,
1052 2407 1183 2474 hostes

206 2507 406 2574 adventare
428 2516 547 2590 ratus,
572 2525 684 2572 naves
701 2503 748 2572 ad
765 2504 870 2572 littus
899 2504 1046 2574 direxit
1100 2511 1182 2579 Rex

209 2608 359 2690 Olevus,
373 2625 485 2672 naves
501 2604 632 2696 longas
655 2627 699 2672 ex
714 2604 898 2676 interiore
916 2608 1000 2674 sinu
1016 2606 1182 2675 ferriad·

207 2728 361 2774 versum
378 2726 416 2770 sa
432 2706 681 2793 conspicatus,
701 2706 897 2776 Hakonem
913 2706 1106 2795 dynastam
1119 2708 1182 2776 ad-

207 2821 361 2874 ventare
390 2804 579 2896 cogitavit.
641 2807 897 2874 Deflectentes
923 2807 1051 2898 itaque
1067 2829 1179 2876 cursu

207 2930 273 2974 rex
297 2925 384 2972 suos
414 2903 524 2988 jussit
551 2905 813 2974 incitatissimo
829 2906 986 3002 remigio
1012 2908 1179 2997 insequ'i;

208 3029 295 3076 cum
312 3027 401 3072 vero
419 3005 600 3074 Erlendus
621 3029 665 3074 ac
682 3007 740 3074 sui
759 3027 865 3095 paene
884 3022 1023 3075 terram
1048 3010 1181 3103 attige-
1254 3015 1255 3064 ἒ

207 3123 309 3194 rant,
336 3126 447 3172 naves
466 3106 506 3172 in
527 3106 616 3175 vada
640 3107 892 3196 impulerunt,
915 3108 956 3175 in
968 3130 1072 3176 mare
1087 3107 1181 3176 desi·

205 3207 389 3292 liverunt,
425 3217 463 3272 et
488 3205 612 3273 nando
636 3207 839 3276 interram
869 3207 1023 3276 evadere
1055 3209 1180 3276 conati

208 3320 305 3374 sunt.
337 3304 569 3374 Conantibus
585 3305 733 3396 adlapsa
748 3308 966 3398 supervenit
980 3308 1084 3376 navis
1094 3309 1177 3378 Ola-

207 3409 243 3474 vi
254 3405 370 3503 regis,
397 3405 462 3494 qui
479 3406 603 3486 videns
622 3407 818 3477 hominem
835 3407 980 3478 eximiae
996 3407 1180 3498 pulcritu-

209 3507 304 3576 dinis
328 3519 532 3593 natantem,
561 3523 752 3596 arreptum
766 3511 1012 3603 gubernaculi
1035 3509 1177 3578 clavum

207 3608 248 3676 in
268 3610 370 3676 hunc
390 3607 586 3676 hominem
602 3608 724 3695 misit,
764 3611 829 3700 qui
858 3612 954 3679 ictus
977 3623 1092 3697 caput
1115 3614 1177 3681 Er·

206 3707 328 3793 leudi,
355 3707 424 3775 filii
441 3708 607 3776 Helonis
627 3707 809 3800 dynastae,
840 3711 932 3780 adeo
957 3709 1103 3800 tetigit,
1136 3723 1177 3779 ut

209 3806 334 3876 cronio
354 3807 400 3876 ad
415 3809 608 3876 cerebrum
624 3809 803 3897 infracto,
832 3823 997 3880 mortem
1027 3823 1177 3900 oppete-

207 3923 277 3976 ret.
333 3909 470 3976 Olavus
486 3929 529 3976 ac
544 3909 603 3976 sui
622 3911 764 3990 multos
786 3911 839 3978 ibi
862 3908 1036 3980 homines
1064 3910 1177 3980 inter-

206 4008 400 4110 fecerunt,
424 4019 529 4096 parte
547 4008 744 4100 copiarum
755 4009 843 4108 suga
858 4010 1050 4102 evadente,
1073 4033 1177 4104 quos-

207 4111 473 4130 W*

219 4155 222 4162 ·
246 4146 279 4228 ἱ)
301 4150 426 4210 qrmtuor,
444 4137 477 4189 Β.
