2534 4778
55 299 93 358 e.
123 294 198 363 roe
425 285 699 338 Ἣ
893 283 983 376 243

430 345 698 360 *—

54 533 150 577 vum
168 529 299 603 regem
317 515 501 598 crearunt,
529 519 566 577 et
583 531 713 580 onmes
728 499 1042 604 adquoerendurn

52 611 259 680 Hakonern
288 609 482 702 dynastarn
512 609 786 700 conspirarunt.
853 617 1042 706 Itaquei'n

54 711 330 780 Gauiardalum
354 711 649 798 contenderunt,
678 713 778 802 quod
792 735 879 786 vero
889 717 1042 786 similli-

53 835 167 878 mum
182 809 375 900 putabunt,
392 812 586 903 dynastarn
596 813 749 882 Rimule
770 837 860 903 esse,
879 819 910 885 si
927 819 1040 886 niodo

51 912 94 976 in
111 911 298 980 habitatos
316 925 455 980 tractus
470 935 508 978 se
528 913 744 982 contulisset
753 941 767 998 ς
787 916 857 986 hae
880 919 979 986 enirn
1000 917 1040 986 in

54 1012 158 1078 valle
175 1035 287 1080 nemo
306 1011 472 1104 dynastae
500 1035 606 1102 aeque
628 1005 769 1084 amicus
789 1029 886 1105 erat,
928 1032 1040 1108 atque

53 1111 197 1181 Thura.
263 1114 464 1183 Venientes
481 1111 527 1180 ad
546 1136 698 1183 emnem
716 1117 898 1206 Gaulum,
933 1119 1042 1207 palli·

53 1228 125 1279 um
141 1211 183 1281 in
200 1213 337 1305 glaciei
361 1225 536 1303 apertura
563 1215 810 1304 invenerunt,
849 1221 1041 1308 pauloque

52 1310 155 1379 infra
185 1325 345 1404 equum,
378 1313 419 1381 in
454 1313 624 1405 linguam
648 1315 840 1404 quandam
862 1317 1039 1403 ejectum.

56 1411 159 1478 Cum
176 1435 263 1482 vero
281 1413 487 1482 amicuiunr
514 1413 772 1501 excutiebant,
806 1415 934 1486 dixere
959 1419 1042 1508 qui-

55 1510 166 1604 dam,
207 1512 454 1608 dynast'urnin
476 1534 587 1582 amne
603 1516 769 1607 periisse,
805 1538 919 1606 quare
947 1538 1041 1608 opus

54 1629 134 1680 non
153 1635 246 1704 esse,
267 1627 312 1682 ut
323 1635 415 1682 'eum
434 1613 578 1684 diutius
600 1606 831 1703 quaererent.¹
866 1621 967 1688 Turn
985 1619 1042 1688 vir

55 1711 211 1801 quidem
242 1719 378 1806 magno
402 1725 512 1782 natu:
536 1727 629 1784 uon
652 1715 755 1784 doios
780 1718 942 1810 dynastae
974 1739 1040 1786 no*

54 1811 131 1899 stis,
150 1815 180 1882 si
196 1839 285 1886 eum
303 1815 342 1882 in
352 1814 424 1882 hoc
442 1835 551 1882 amne
575 1813 764 1884 interiisse
793 1816 956 1905 creditis,
975 1841 1041 1885 ne-

55 1935 130 2000 que
149 1913 382 2008 intellig-itis,
414 1937 503 1983 eurn
528 1913 599 1982 hoc
618 1912 702 2003 dolo
723 1916 875 2003 fecisse5
915 1931 958 1984 ut
974 1937 1039 1986 vos

53 2013 217 2084 falleret.
240 2016 421 2110 Rege-ita
437 2027 526 2100 esse,
546 2015 804 2105 confirmante,
825 2019 1039 2108 ceterisque

55 2115 233 2184 omnibus
271 2113 619 2204 comprobantibuS,
656 2117 711 2182 ire
741 2129 1039 2206 perseverarunt,

56 2213 178 2283 donec
198 2215 245 2284 ad
262 2215 390 2284 villam
416 2213 546 2284 Rimul
563 2231 840 2302 pervenerunt3
880 2211 942 2284 hic
961 2241 1040 2286 orn-

53 2333 122 2383 nes
146 2313 241 2410 aedes
258 2313 504 2406 effregerunt,
534 2327 579 2380 et
596 2315 791 2406 dynasturn
814 2319 917 2386 intus
933 2317 1040 2385 forie

56 2437 152 2504 que,
180 2415 237 2484 uti
258 2409 631 2503 cbnjeceratThora,
667 2409 936 2505 quaesiverunt,
973 2441 1039 2485 ne·

55 2535 131 2602 que
151 2527 241 2584 eurn‘
263 2515 525 2584 invenerunt.
564 2517 666 2584 Tum
689 2537 760 2582 rex*
778 2517 928 2599 Olavus,
952 2539 1039 2586 con*

56 2615 167 2683 cione
183 2615 351 2684 militurn
368 2615 467 2682 intra
488 2615 753 2704 septemvillae
771 2615 967 2704 advocata,
998 2619 1039 2688 in

54 2715 203 2808 ingenti
218 2716 285 2784 iilo
304 2737 404 2803 saxo,
431 2713 533 2804 quod
554 2713 643 2783 suili
664 2714 1037 2806 aderat‚‘consistens‚
1067 2739 1068 2744 ¹

55 2815 270 2884 orationem
283 2816 425 2902 habuit,
451 2829 489 2882 et
506 2815 604 2882 clara
622 2834 831 2906 sonoraque
847 2837 937 2884 voce
953 2839 1039 2906 pro·

54 2915 267 2986 nuntiavit:
303 2905 623 2984 notum'oinnibus
641 2929 713 3002 est,
753 2939 821 2984 nos
839 2918 1039 2988 Habronem

56 3016 255 3108 dynastam
276 3015 503 3112 quaesivisse3
534 3013 713 3103 quoniam
727 3037 816 3083 vero
835 3039 924 3084 eum
944 3039 1037 3084 non·

55 3117 148 3185 dum
165 3116 390 3198 invenimuS,
411 3114 529 3184 scient
548 3137 700 3204 omnes,
733 3139 795 3185 me
811 3116 927 3208 digno
945 3137 1038 3204 prae⁴

53 3218 133 3286 mio
153 3217 353 3306 amplaque
378 3215 554 3284 mercede
577 3236 664 3282 eum
684 3229 1038 3305 remuneraturum,

55 3319 123 3408 qui
142 3317 338 3406 dynastarn
351 3310 594 3384 interfecerit.
654 3317 800 3386 Deinde
815 3339 881 3384 rex
900 3317 1038 3385 Olavus

55 3441 145 3486 eum
169 3417 342 3484 omnibus
366 3414 442 3483 suis
464 3416 615 3487 Rimule
634 3417 779 3488 Hiadas·
798 3439 837 3486 se
862 3418 1037 3504 contulit,

53 3518 184 3607 ibique
210 3516 389 3586 consedit.
449 3517 760 3609 Hakondynasta
785 3530 823 3584 et
845 3535 970 3585 servus
996 3518 1038 3586 in

53 3639 172 3708 specu
188 3615 355 3702 fuerunt,
380 3638 509 3704 eaque,
533 3639 614 3706 quae
633 3618 860 3708 loquebatur
875 3638 940 3682 rex
951 3617 1038 3685 Ola·

54 3741 136 3802 vus,
162 3718 279 3808 probe
296 3729 557 3807 perceperunt.
624 3717 723 3786 Cum
746 3740 812 3784 rex
836 3737 878 3784 ac
894 3718 953 3784 sui
968 3716 1038 3786 dis-

56 3833 258 3906 cesserant,
282 3839 409 3886 servus
427 3815 612 3916 dynastaer
634 3837 770 3911 magna
791 3815 845 3884 vis
862 3829 900 3884 et
915 3831 1039 3886 terror

54 3919 172 4004 hujus
197 3917 361 3986 hominis
383 3919 467 3985 voci
489 3917 606 4001 inest3
637 3917 678 3986 in
700 3918 832 3986 multis
860 3915 1038 4006 periculis

56 4034 93 4086 et
109 4019 196 4086 vitre
214 4017 492 4088 discriminibus
508 4019 734 4088 constitutus
748 4017 824 4104 fui,
850 4039 975 4106 neque
996 4015 1036 4084 in
1112 4107 1114 4112 Δ

773 4121 840 4210 Q2
