2554 4778
68 301 106 376 0.-
116 298 274 378 104-105.
910 290 1001 399 2475

68 529 154 586 erat
172 515 276 602 enim
289 514 425 592 Hakon
443 514 597 607 dynasta
615 517 912 608 omnitempore
926 519 1062 589 subdo-

65 616 151 705 lus,
174 617 313 706 infidus
334 630 372 684 et
388 616 513 704 fallax,
538 630 616 704 tam
634 619 775 706 amicis,
802 643 917 709 quam
933 621 1062 694 inimi·

67 716 137 804 cis,
165 717 373 786 acerrimus
390 740 486 784 verae
504 717 699 812 religionis
715 715 845 806 hostis,
870 736 909 790 et
921 721 1061 788 sacrifi-

65 816 221 886 ciorum
241 819 386 898 cultor3
412 816 698 908 quippeaderat
716 829 889 910 tempus,
917 821 962 890 ab
980 844 1060 889 om·

62 917 267 1006 nipotente
285 918 643 1007 deopraestitutum,
671 941 745 1010 quo
773 921 899 992 cultus
922 921 1060 994 sacrifi-¹

65 1018 180 1106 calis,
216 1017 352 1112 religio
380 1017 558 1100 ethnica,
591 1033 630 1088 et
657 1021 782 1088 malus
810 1020 883 1092 iste
909 1021 1059 1092 inimici

62 1118 262 1208 minister,
287 1117 616 1212 Hakondynasta,
642 1115 972 1208 condemnaretur,
996 1143 1059 1188 eo·

62 1241 155 1286 rum
178 1220 321 1306 veroin
345 1220 475 1302 locum
497 1231 625 1304 sancta
645 1218 793 1312 teligio
824 1222 1056 1308 succederet,

61 1320 242 1411 rectique
259 1342 383 1390 mores
399 1341 468 1410 per
482 1319 782 1408 terrasboteales
798 1322 932 1410 pulcre
948 1324 1057 1391 flore-

62 1433 173 1506 rent,
199 1421 382 1490 banevolo
403 1419 531 1511 studio·
545 1419 747 1507 adjuvante
767 1419 841 1488 hoc
857 1421 1056 1508 benedicto

63 1518 129 1600 dei
145 1519 291 1591 domini
308 1521 442 1608 nuntio
458 1569 469 1608 ,
497 1521 617 1606 Olavo
634 1521 817 1616 Tryggvii
835 1521 925 1590 filio.
979 1523 1056 1590 Ha-

61 1619 142 1688 kon
161 1619 512 1713 dynasta,‚quando
530 1619 752 1690 interfectus
766 1633 842 1709 est,
866 1620 971 1690 annis
990 1621 1056 1688 tri-

61 1721 170 1814 ginta
196 1721 317 1804 tribus
344 1721 500 1813 dynasta
530 1721 672 1806 fuerat,
707 1745 753 1790 ex
778 1744 853 1810 quo
873 1719 1054 1816 Sigurdus

65 1820 246 1912 dynasta,
269 1835 379 1912 pater
398 1824 496 1910 ejus,
520 1821 698 1903 decessit;
724 1821 844 1909 idem,
873 1843 961 1890 cum
989 1843 1054 1910 pa-

62 1933 127 1988 ter
140 1942 233 1990 suus
246 1936 479 2008 moreretur,
510 1921 644 2014 viginti
669 1921 839 2012 quinque
866 1943 1053 1992 annorum

63 2033 148 2090 erat
158 2045 172 2113 ςΙ
196 2045 299 2094 nunc
314 2044 414 2110 vers,
437 2045 524 2092 cum
540 2021 761 2094 interfectus
782 2034 850 2111 est,
867 2021 1053 2114 quinqua-

61 2122 171 2217 ginta
189 2136 273 2192 octo
294 2145 410 2192 annos
426 2122 693 2213 compleverat.
803 2195 805 2199 Α
847 2115 849 2120 ’

65 2223 219 2306 Olavus
243 2224 429 2314 Tryggvii
444 2221 559 2312 filias
578 2246 646 2292 rex
661 2221 866 2314 Norvegioe
883 2233 1051 2292 oreatus.

70 2399 73 2405 ¹
114 2321 297 2412 Cap.,105.
322 2321 498 2393 Proxime
519 2338 606 2413 post
631 2323 767 2392 necem
792 2322 959 2392 Hakonis
985 2321 1051 2412 dy·
1131 2405 1133 2416 Ι

60 2437 180 2492 uastae
217 2444 284 2490 rex
314 2423 451 2492 Olavus
473 2421 606 2492 Hladis
626 2443 667 2490 se
691 2421 918 2493 continebat.
974 2421 1052 2490 Ubi

59 2543 151 2590 vero
162 2523 278 2614 vulgo
301 2534 537 2614 compertum
549 2535 617 2609 est,
635 2523 837 2592 Hakonem
853 2521 1051 2688 dynastam

59 2621 310 2708 interfectum
329 2645 439 2710 esse,
476 2635 514 2710 et
540 2622 701 2694 Olavum
719 2622 949 2714 Tryggviifi
938 2621 1077 2690 ι11ιιιη’

59 2721 102 2790 in
124 2725 207 2810 ejus
224 2723 354 2792 locum
374 2722 613 2811 successisse,
637 2744 768 2792 omnes
788 2719 860 2790 viri
886 2721 1050 2792 auctori·
1105 2759 1108 2768 ·

59 2837 140 2890 tate
157 2836 197 2892 et
214 2824 386 2912 potentia
404 2821 607 2913 conspicui,
631 2845 677 2889 ex
695 2843 889 2890 commum
878 2817 1048 2892 Thran-

61 2923 224 3010 dorum,
250 2921 345 3008 item
359 2923 474 2992 multi
491 2922 556 2992 alii
572 2921 766 3008 homines,
800 2944 889 2990 eum
915 2941 1048 2987 conve-

61 3037 215 3114 nerunt,
237 3025 406 3094 unanimi
422 3045 606 3094 consensu
619 3033 807 3118 rogantes,
834 3031 878 3088 ut
895 3041 962 3086 rex
977 3017 1055 3086 sibi¹

58 3147 221 3215 praeesse
240 3126 366 3213 vellet,
387 3125 497 3215 eique
521 3145 676 3213 operam
688 3145 796 3190 suam
815 3133 854 3188 et
870 3121 1046 3188 volunta-

58 3227 165 3296 rium
185 3225 409 3314 obsequium
427 3224 668 3311 obtulerunt,
697 3221 892 3308 docentes,
915 3242 954 3289 se
972 3219 1047 3287 hoc

59 3349 191 3408 rerum
220 3337 339 3414 statu,
373 3323 440 3417 qui
455 3326 586 3416 fnuper
611 3321 805 3412 inciderit,
849 3343 928 3390 esse
962 3318 1046 3388 sin'e

57 3425 234 3520 principa
265 3447 344 3494 non
376 3445 497 3518 posse;
537 3422 730 3509 addentes,
776 3423 878 3514 quod
910 3443 1045 3490 verum

58 3541 154 3616 erat,
172 3525 370 3598 durissima
386 3525 522 3617 quaevis
538 3523 609 3594 sibi
631 3525 677 3592 ab
700 3523 886 3616 dynastis,
910 3521 1038 3593 Eiriko

59 3644 98 3698 et
107 3629 254 3714 Sveine,
266 3627 507 3716 expectanda,
521 3637 678 3716 propter
691 3625 915 3706 tumultum,
928 3642 1044 3709 quem

58 3730 236 3798 adversus
253 3727 452 3798 Hakonem
477 3727 691 3818 dynastam,
718 3738 867 3814 patrem
897 3743 1043 3808 eorum,

59 3830 332 3900 excitavissent.
396 3828 525 3897 Oratio
548 3847 684 3894 eorum
704 3827 822 3894 Olavo
849 3824 946 3892 bene
962 3822 1041 3911 pla·

59 3931 151 4001 cuit.
204 3932 337 4019 Itaque
358 3927 552 3996 communi
567 3949 700 3996 eorum
713 3926 867 3994 oonsilio
882 3921 1036 3992 comitia

58 4045 149 4103 octo
170 4030 451 4123 provinciarum
491 4031 533 4098 in
569 4025 854 4099 Thrandheimo
898 4022 1041 4092 indicta

57 4146 166 4223 sunt,
191 4155 266 4225 quo
284 4151 421 4224 magna
439 4128 640 4204 hominum
663 4125 869 4198 multitudo
889 4147 934 4195 ex
958 4133 1038 4190 toto
