2526 4782
306 304 393 402 no
588 321 859 370 -·-···-·
1051 325 1053 332 ι
1109 325 1218 392 os.

591 377 854 392 m

242 535 443 634 provincias
465 549 606 625 essent,
643 559 724 628 quae
756 533 865 606 antea
891 535 1105 608 Gardoru‘m
1137 535 1219 629 regi

243 641 433 730 subjecte,
451 659 554 708 nunc
574 639 653 725 ejus
669 636 829 728 imperio
842 651 1112 727 nonporerent.
1138 639 1219 707 Rex

242 737 478 832 significavit,
502 739 622 806 multa
641 754 679 804 et
694 737 819 827 ampla
834 758 966 832 regna,
989 738 1102 832 longo
1124 749 1219 804 tern-

240 861 333 930 pore
350 837 579 934 Holrngardo
602 836 788 924 subjecta,
823 834 925 906 nuno
951 836 997 904 ab
1017 837 1102 904 aliis
1118 836 1220 927 pritt-¹

242 939 385 1027 cipibus
397 938 683 1008 etbellatoribus
694 937 733 1005 vi
747 949 785 1006 et
800 937 912 1006 armis
924 949 1105 1027 occupata
1116 959 1217 1020 esse,

243 1061 324 1130 quae
351 1061 438 1106 curn
462 1058 529 1104 rex
552 1051 679 1108 exacte
702 1037 903 1120 docuisset,
939 1037 1075 1105 Olavus
1096 1035 1219 1128 prima

243 1140 321 1206 vioe
336 1161 446 1208 naves
459 1137 611 1208 bellicas
631 1137 837 1208 exGardis¹
860 1135 979 1224 duxit,
995 1137 1145 1230 pulcras
1156 1137 1219 1204 ha·

240 1239 351 1324 bens,
376 1237 544 1328 quamvis
565 1259 642 1308 non
658 1259 823 1330 magnas,
842 1236 978 1328 copias.
1044 1237 1133 1306 Fuit
1148 1237 1219 1305 hoe

240 1339 340 1405 inter
356 1339 494 1426 piratas
513 1361 620 1406 more
633 1352 840 1428 receptum,
860 1338 894 1406 si
904 1336 1059 1427 regibus
1068 1337 1150 1408 nati
1161 1361 1217 1404 ex·

242 1437 377 1505 ercitui
389 1429 602 1526 preessent,
617 1437 709 1505 uthi
723 1457 830 1530 reges
840 1437 1131 1526 appellarentur,
1151 1439 1218 1506 etsi

240 1538 361 1608 nullas
371 1535 554 1608 haberent
567 1551 684 1607 terras
694 1535 827 1606 ditioni
837 1560 911 1606 suae
920 1536 1102 1622 subjectas
1111 1562 1122 1622 3
1132 1537 1219 1606 hino

239 1635 382 1704 milites
400 1637 516 1706 Olaro
538 1639 689 1732 regium
707 1659 848 1710 nomen
866 1636 1062 1710 dederunt.
1116 1638 1219 1706 Brevi
1256 1647 1257 1650 ’

241 1737 428 1826 apparuit,
456 1749 637 1826 quantam
650 1737 784 1808 habuit
797 1736 939 1832 ingenii
957 1736 1218 1806 dexteritatem

239 1836 287 1905 ad
300 1836 507 1931 regendum
532 1837 759 1925 exercitum,
783 1838 855 1908 etsi
869 1858 983 1928 parvo
998 1849 1090 1906 natu
1110 1853 1217 1923 esset,

237 1957 326 2005 nam
345 1959 390 2004 ex
410 1936 661 2028 principibus,
688 1939 754 2028 qui
767 1937 907 2022 injuste
934 1953 972 2004 et
997 1938 1218 2026 praedonum

238 2053 345 2104 rnora
359 2037 573 2126 ‘provincias
583 2037 797 2107 tributarias
813 2037 911 2130 regis
925 2038 1154 2110 Valdarneris
1165 2038 1218 2108 in·

239 2135 424 2220 sederant,
450 2136 631 2226 quosdam
647 2137 851 2222 interfecit,
890 2137 1071 2228 quosdam
1089 2137 1215 2225 ejecit3

239 2256 326 2302 curn
347 2235 481 2327 quibus
502 2238 625 2306 multa
639 2237 772 2328 proelia
792 2237 998 2325 conseruit,
1026 2250 1066 2306 et
1079 2259 1126 2306 ex
1141 2261 1217 2307 om·
1256 2267 1257 2274 ¹

237 2333 346 2403 nibus
365 2335 539 2426 superior
554 2335 735 2421 discessit3
757 2338 927 2427 etprima
940 2339 1017 2426 jam
1026 2351 1217 2410 aestatore·
1256 2355 1257 2400 ἒ

238 2435 355 2523 ceptis
383 2435 556 2504 omnihus
573 2440 696 2532 regnis
717 2451 754 2506 et
776 2435 977 2527 provinciis
999 2439 1215 2525 tributariis,
1256 2435 1257 2444 ἶ

166 2601 172 2612 ,
238 2556 328 2622 quas
346 2536 519 2604 amiserat
534 2559 600 2604 rex
616 2536 826 2625 Valdamar,
850 2538 1023 2626 sequenti
1036 2551 1216 2607 autumno

237 2633 275 2702 H
279 2631 512 2730 olmgerdum
526 2659 707 2722 reversus,
731 2638 851 2708 multa
870 2655 908 2704 et
922 2659 1006 2706 rara
1023 2638 1157 2708 habuit
1170 2639 1217 2708 ct

236 2732 360 2821 melia,
381 2757 463 2824 quae
480 2735 560 2830 regi
575 2753 613 2804 et
624 2735 762 2830 reginae
777 2738 1104 2832 afferret‚·aurum,
1118 2763 1218 2834 gem·

236 2852 326 2919 mas,
352 2849 473 2904 vestes
488 2835 688 2926 pretiosas5
714 2859 829 2928 quern
845 2859 913 2906 rex
928 2854 966 2908 et
980 2837 1123 2930 regina,
1141 2863 1218 2908 orn·

236 2930 556 3026 nisquepopulus,
578 2937 654 3006 laeti
674 2949 711 3004 et
730 2939 958 3030 gratulantes
975 2953 1214 3028 exceperunt.
1256 2939 1257 2942 ’

236 3031 297 3099 Sic
326 3035 565 3127 aliquantum
578 3039 760 3126 temporis
785 3039 984 3128 processit,
1014 3051 1058 3104 ut
1080 3041 1215 3110 Olavus

234 3143 303 3218 per
314 3148 458 3203 aestates
474 3135 516 3204 in
532 3136 833 3227 expeditionibus
843 3136 986 3207 bellicis
995 3155 1215 3228 versaretur,

236 3229 494 3304 Gardarikiam
509 3237 553 3315 ab
563 3237 841 3306 incursionibus
851 3237 1060 3327 piratarum
1068 3240 1215 3310 fortiter

236 3341 274 3395 et
288 3342 441 3404 strenue
460 3335 681 3424 defendens,
705 3337 899 3428 multaque
914 3340 1067 3407 castella
1084 3358 1123 3410 et
1133 3363 1216 3432 pro-

234 3427 1216 3534 vinciasadmareorientalesitas‚inpotestatemregis

234 3527 462 3602 Valdarnaris
474 3535 664 3630 redigens3
679 3559 748 3630 per
760 3537 906 3608 hiemes
923 3553 1050 3607 autern
1064 3540 1216 3632 saepissi-
1256 3547 1257 3598 l

232 3631 1213 3732 meHolrngardidegeret,honoriliceabregehabitus,

234 3739 273 3793 et
291 3728 335 3795 ab
350 3733 481 3824 regina
496 3733 665 3806 dilectus.
717 3742 819 3810 Turn
840 3737 921 3827 ipse
939 3740 1135 3810 cohortem
1148 3741 1214 3808 rni-

234 3825 347 3898 litum
365 3831 441 3897 suis
456 3833 636 3923 impensis
656 3839 896 3927 sustentavit,
923 3861 1036 3930 quam
1060 3843 1213 3936 pecuni-
1256 3883 1257 3886 =

275 3956 308 4022 ¹)
331 3945 450 4022 Gardor,
479 3981 514 4011 ιιι.
532 3965 588 4032 pt,
616 3965 711 4031 Gar-di,
741 3965 895 4036 quibusdam
920 3968 958 4019 id.
981 3987 1006 4039 q.
1032 3969 1211 4039 Holrngardus,

232 4047 298 4102 forte
318 4050 405 4118 potius
426 4052 584 4105 territorium
603 4055 646 4106 vel
665 4056 814 4125 provincia,
842 4059 870 4108 in
890 4077 941 4128 qua
961 4060 1134 4130 Holrngardus
1150 4065 1211 4116 situs

232 4138 282 4196 fult
292 4176 300 4204 ,
327 4155 387 4216 qnoe
404 4139 437 4196 td
456 4161 525 4198 ruore
546 4145 673 4202 Bellicum
691 4150 847 4223 pertinuisse
863 4147 977 4205 videtur.
1066 4156 1069 4162 “
