2534 4778
219 263 364 362 ,160
556 277 831 344 ··.....·=.··....··
1003 274 1204 344 crs.

206 514 324 568 nares
339 487 430 561 viris
447 483 637 578 instrunt,
656 495 698 560 'et
714 485 886 580 priminn
898 487 942 558 in
952 487 1118 562 Daniarri
1133 501 1201 562 n'a-

207 591 365 692 rigavit,
398 603 512 681 atque
527 589 619 662 hinc
631 588 833 660 orient-em
848 613 981 660 versus
995 589 1037 659 in
1054 592 1199 663 Garde-

206 695 349 770 rikiarn
365 690 554 782 proficisci
569 691 713 760 statuit.
774 691 865 764 Veri
891 713 1043 782 quoque
1070 692 1198 764 simile

208 792 331 867 rideri
345 792 477 882 debet,
502 815 593 862 eum
608 805 770 884 propter¹
781 791 952 863 dolorem
965 813 1081 861 suum
1095 793 1198 863 istuc

208 894 441 987 septimum
466 891 713 982 convertisse,
748 892 817 962 ubi
843 905 954 962 autea
982 891 1197 984 plurimum

208 1009 464 1069 commoratus
482 1006 522 1060 et
534 1007 636 1062 sorte
652 1015 720 1063 sua
742 992 888 1084 optime
897 1006 1099 1064 contentus
1114 993 1198 1064 iue-

208 1113 278 1170 rat
316 1094 413 1164 Cum
428 1115 515 1164 vero
532 1093 580 1164 ed
589 1094 721 1166 Daniae
735 1092 869 1164 littora
882 1111 1043 1164 rentum
1061 1115 1198 1164 secun-

209 1199 306 1268 dum
330 1207 610 1286 exspectarent,
639 1194 700 1265 die
725 1195 887 1286 quadam
911 1217 980 1263 rex
997 1195 1139 1264 Olavus
1155 1193 1197 1266 in

210 1313 356 1368 terrum
376 1317 545 1393 egressus
561 1309 629 1384 est,
647 1311 687 1366 et
707 1319 814 1366 more
828 1295 1039 1387 piratarum
1057 1316 1198 1386 pecora
1257 1351 1258 1364 ,

207 1400 436 1495 abegerunt,
451 1420 525 1487 quo
536 1412 744 1488 comperto,
752 1396 886 1466 incolae
896 1395 1119 1490 congregati
1133 1418 1197 1466 eos
1257 1447 1258 1450 ,

211 1523 350 1592 magna
366 1519 481 1568 manu
496 1497 662 1568 insecuti
678 1509 778 1568 sunt.
830 1500 912 1592 Rex
922 1493 1123 1568 Olav'us‘ac
1140 1495 1198 1568 aui

213 1625 292 1672 non
308 1601 413 1690 prius
428 1623 516 1668 rem
533 1597 892 1686 animadverterunt,
915 1619 1031 1688 quam
1052 1599 1198 1668 conflu-

209 1719 305 1772 ente
322 1699 492 1790 undique
508 1699 760 1770 multitudine
778 1697 1038 1791 cingerentur;
1062 1697 1198 1791 fugam

209 1799 574 1890 circumspicientes,
598 1797 789 1890 quomodo
806 1800 1018 1886 evaderent,
1035 1815 1198 1868 nonsta-
1257 1859 1258 1890 ζ

213 1902 287 1972 tim
305 1914 542 1990 repererunt,
555 1899 748 1972 eratenim
762 1899 805 1968 in
820 1923 865 1969 eo
873 1900 960 1968 loco
970 1901 1073 1994 sylva
1083 1897 1199 1968 densa

215 2018 255 2073 et
269 2002 475 2092 minutula,
506 1999 614 2071 nulla
629 2021 719 2070 vero
742 2013 845 2072 tuta¹
864 2000 1032 2070 latibula.
1094 2003 1199 2072 Tum
1257 2001 1258 2066 ἐ

204 2125 281 2173 rex
297 2103 436 2170 Olavus
461 2123 706 2198 cummagno
723 2100 859 2171 fiducia
877 2099 1012 2171 divinae
1033 2101 1200 2174 clemen-

214 2204 278 2272 tiae
291 2221 378 2271 auos
394 2201 621 2290 alloquitur:
644 2201 733 2290 scio,
751 2199 890 2293 inquit,
905 2215 1104 2292 potentem
1120 2223 1199 2270 esse

212 2304 344 2390 deum,
356 2303 427 2392 ¹qui
444 2305 558 2371 coelos
571 2303 679 2398 regit,
694 2316 732 2371 et
747 2301 874 2372 omnia
890 2301 1053 2386 creavit;
1071 2298 1199 2370 audiri

209 2401 1200 2500 -etiamillumhabereviotoriaesignum,quodmagua

214 2503 563 2596 aequaturvie,hrec
578 2525 671 2573 crux
686 2517 753 2592 eat,
762 2505 802 2572 in
811 2527 885 2594 qua
895 2524 1025 2595 passus
1035 2519 1106 2586 θεῖς
1119 2518 1200 2572 ore·
1257 2523 1258 2552 l

205 2627 304 2674 mus
323 2627 411 2699 ergo
424 2627 555 2674 omnes
569 2603 766 2674 humiliter
775 2605 878 2673 hunc
888 2605 1054 2674 eundem
1071 2603 1199 2689 deum,

215 2703 1200 2798 utnospersuumcrucissignumprotegatrnoshu-

215 2807 272 2876 mi
284 2819 506 2888 sternamus,
515 2819 628 2895 atque
645 2829 841 2876 sumamus
855 2806 948 2876 duos
956 2827 1094 2893 remos,
1105 2825 1200 2894 quos
1257 2855 1258 2862 κ

215 2907 325 2976 nobis
344 2909 383 2976 iu
399 2906 693 2976 formamcrucis
709 2901 1077 3000 superimponamus.
1110 2906 1201 2976 Om-
1257 2963 1258 2974 ,

215 3029 284 3078 nes
300 3009 364 3096 ita,
385 3007 445 3076 uti
458 3007 651 3098 precepit,
666 3005 850 3078 fecerunt.
883 3007 1042 3080 Deinde
1059 3027 1200 3100 magno
1257 2999 1258 3052 ἶ

215 3111 379 3200 strepitu
396 3123 433 3175 et
443 3129 637 3178 armorum
651 3107 807 3194 fremitu
822 3123 1128 3200 supervenerunt
1135 3107 1203 3176 ho·
1257 3125 1258 3188 l

217 3222 311 3297 stes,
346 3208 559 3280 casstatim
584 3207 911 3300 comprehensuri,
941 3210 1083 3300 quippe
1106 3229 1201 3299 quos
1257 3227 1258 3258 ³

215 3311 333 3402 paulo
347 3307 549 3378 antebrevi
563 3331 633 3378 ase
653 3309 852 3380 intervallo
870 3309 1201 3388 abessevidissent;
1257 3315 1258 3402 l

215 3412 257 3482 in
275 3410 413 3500 quibus
428 3431 515 3478 cum
526 3409 810 3500 frustrarentur,
832 3412 933 3480 ultro
950 3411 1125 3500 citroque
1135 3429 1202 3500 per

215 3512 359 3603 sylvam
377 3511 618 3599 cursitarunt,
643 3513 786 3581 etenim
806 3513 912 3600 illos,
935 3513 1027 3580 licet
1040 3511 1201 3602 pedibus

214 3611 294 3680 suis
306 3611 555 3700 subjacerent,
572 3636 649 3682 non
667 3613 859 3700 viderunt3
885 3613 936 3682 sic
956 3635 1020 3680 eos
1036 3611 1203 3700 protexit

219 3730 350 3781 sancta
366 3711 432 3780 illa
448 3734 551 3800 crux,
575 3713 703 3782 divino
718 3713 916 3801 adjuvante
936 3713 1087 3782 auxilio.
1143 3712 1203 3780 In-

219 3812 310 3882 colae
327 3835 348 3880 a
367 3814 572 3902 qnaerendo
590 3813 834 3894 destiteruut;
867 3811 936 3884 'rex
956 3837 1045 3884 vero
1063 3812 1202 3882 Olavus

219 3935 308 3982 cum
325 3915 400 3980 suis
426 3915 605 4003 surrexit,
642 3929 681 3984 et
701 3914 748 3985 ad
767 3937 879 3984 naves
903 3915 1091 4007 perrexit;
1126 3933 1200 4004 quo

218 4014 309 4102 viso,
319 4012 377 4083 illi
389 4013 527 4086 acriter
543 4039 605 4087 eos
615 4015 777 4088 insecuti
791 4029 889 4088 eunt.
917 4021 1019 4092 Turn
1029 4017 1085 4087 nil
1100 4011 1202 4085 aliud

263 4145 293 4216 ¹)
313 4143 374 4212 uu,
393 4146 424 4195 r.
