2526 4782
316 253 374 364 68
523 287 872 352 m
1053 282 1232 350 .c..as-st.

209 501 214 550 ³
255 505 340 576 citia
355 525 431 590 sua,
448 496 581 568 'amica
604 497 764 567 munera
783 501 821 565 et
840 497 940 564 bona
955 496 1067 567 verba
1081 497 1230 569 remisit.

254 605 388 700 Legati
416 613 665 684 revertenteS,
705 597 974 688 Grjotgardum
999 601 1231 688 conveniunt,

258 709 368 796 eique
397 701 531 771 eadem
552 698 726 768 mandata
749 699 928 785 afferunt,
968 701 1176 769 amicitiam
1201 715 1232 767 et

256 806 522 874 invitationem
538 802 636 892 regis
653 800 817 887 Haraldi,
841 799 1071 890 insuperque
1087 825 1147 870 res
1166 801 1232 868 exi·

255 905 331 976 mie
361 904 549 995 pretiosas.
609 901 838 970 Profectnris
857 901 1101 994 Grjotgardus
1124 925 1162 969 se
1179 902 1232 969 ad-

255 1009 439 1076 futurum·
456 1005 676 1096 pollicetur,
717 1000 852 1092 dieque
879 1013 1019 1069 statuta
1041 1002 1090 1070 ad
1112 1022 1233 1092 regem

259 1105 470 1178 Haraldum
487 1117 524 1178 et
535 1100 794 1173 Gunuhildam
802 1101 917 1186 venit,
931 1123 951 1166 a
963 1102 1232 1192 quibusblande

261 1219 450 1296 exceptus,
464 1203 688 1273 amicissime
707 1215 891 1270 tractatur
910 1214 947 1268 et
963 1203 1125 1270 consiliis
1144 1204 1233 1270 clan-

260 1307 413 1376 destinis
438 1304 659 1387 adhibetur3
688 1302 948 1371 demonstrant
970 1302 1025 1391 ei,
1063 1303 1234 1392 quamdiu

256 1431 351 1477 enm
367 1405 521 1498 dynasta
539 1403 580 1472 in
599 1405 755 1473 obscuro
773 1405 905 1490 jacere·
920 1426 1047 1493 passus
1072 1404 1139 1484 sit;
1174 1405 1233 1498 sig-

256 1508 388 1578 nificat
408 1509 443 1576 ei
457 1527 543 1592 ren,
576 1505 606 1572 si
622 1503 774 1572 consilia
792 1525 879 1572 cum
898 1505 948 1572 eis
965 1504 1234 1573 communicare

262 1609 367 1689 velit,
394 1629 483 1674 eum
501 1604 695 1697 dynastam
711 1627 824 1672 suum
844 1603 1026 1690 futurum,
1050 1619 1235 1692 totamque

256 1709 465 1794 ditionem,
481 1729 594 1796 quarn
604 1703 789 1796 Sigurdus'
797 1703 981 1792 habuerit,
996 1718 1233 1774 retenturum.

260 1814 315 1880 Eo
340 1806 494 1875 tandem
519 1825 577 1894 res
603 1804 763 1873 deducta
789 1818 865 1891 est,
889 1819 943 1892 ut,
977 1805 1119 1874 arcanis
1147 1805 1235 1873 initis

260 1907 477 1992 foederibus,
499 1906 598 1972 inter
615 1925 677 1972 eos
690 1905 921 1992 conveniret,
939 1917 982 1972 ut
999 1904 1236 1996 Grjotgardus

262 2009 539 2098 speculatorem
565 2017 713 2097 ageret,
749 2017 787 2072 et
805 2027 936 2100 regem
956 2003 1098 2094 faceret
1116 2005 1236 2073 certio-

261 2133 364 2196 rem,
391 2129 464 2194 quo
478 2121 648 2193 tempore
665 2105 820 2196 dynasta
846 2107 1169 2194 opportunissime
1184 2127 1237 2192 op-

263 2208 378 2302 primi
393 2219 528 2296 posset
584 2209 665 2298 Quo
681 2206 789 2292 iacto,
817 2206 1076 2298 Grjotgardus,
1103 2205 1237 2275 eximiis

263 2311 308 2379 ab
328 2330 416 2402 rege
435 2307 592 2374 donatus
612 2307 849 2392 muneribm,
879 2307 1034 2376 domum
1051 2307 1174 2376 rediit.

278 2495 281 2500 Ι
317 2409 405 2499 (lap
424 2416 475 2478 34.
502 2411 583 2475 Hoc
601 2421 785 2473 autumno
802 2406 982 2498 Sigurd'us
997 2407 1168 2499 dynasta,
1181 2429 1238 2496 per

258 2511 443 2596 ¹interiora
460 2509 499 2574 in
515 2507 765 2592 Stjoradalnm
782 2509 985 2594 profectus,
1003 2508 1182 2576 conviviis
1195 2505 1238 2572 ibi

257 2605 456 2694 interfuit,
489 2607 623 2674 deinde
648 2629 717 2697 per
737 2609 926 2676 exteriora
943 2597 1079 2699 Oglam
1098 2621 1239 2678 conten-

265 2711 331 2794 dit,
352 2708 417 2775 ubi
432 2707 598 2774 convivio
614 2709 859 2796 exciperetur.
914 2707 1170 2778 Consueverat
1187 2705 1238 2796 dy-

265 2823 389 2896 nasta,
415 2807 507 2874 dum
526 2809 675 2901 regibus
691 2809 813 2876 minus
831 2809 1022 2898 credebat,
1057 2806 1239 2898 frequenti

266 2911 449 2978 comitatu
465 2908 651 2978 secircum
664 2910 818 2998 stipare;
841 2931 944 2976 nunc
959 2934 1060 2998 vero,
1079 2909 1181 3000 qnod
1192 2928 1239 2976 res

265 3012 312 3080 ad
329 3011 536 3077 amicitiam
552 3025 761 3100 spectantes
779 3031 902 3098 nuper
915 3011 1017 3078 inter
1036 3033 1127 3079 eum
1141 3023 1180 3076 et
1193 3031 1239 3076 re-

265 3133 351 3203 gem
361 3110 569 3178 Haraldum
589 3113 887 3196 intercesserant,
896 3131 973 3179 non
990 3131 1175 3202 magnum
1186 3110 1240 3176 ho-

264 3212 413 3278 minum
423 3231 628 3278 numerum
638 3231 765 3278 secum
778 3208 893 3277 duxit.
909 3215 928 3280 J
930 3236 992 3280 am
1002 3211 1241 3302 Grjotgardns

265 3329 399 3400 regem
419 3311 626 3378 Haraldum
641 3309 842 3378 certiorem
859 3310 959 3394 fecit,
974 3336 1051 3380 non
1067 3313 1140 3380 alio
1156 3323 1240 3378 tem-

265 3430 359 3499 pore
379 3411 673 3479 commodiorem
692 3409 820 3476 adfore
835 3414 1086 3494 occasionem,
1120 3409 1241 3503 dynas-

265 3524 345 3576 tam
380 3511 638 3598 opprimendi3
686 3533 802 3598 quare
824 3515 951 3580 statim
981 3513 1114 3580 eadem
1137 3523 1240 3580 nocte

265 3631 373 3700 reges
389 3611 575 3680 Haraldus
596 3625 633 3676 et
647 3612 853 3698 Erlendus,
887 3627 1050 3702 quatuor
1067 3613 1169 3680 vecti
1187 3635 1240 3678 na-

266 3710 384 3794 vibus,
407 3731 544 3802 magno
570 3711 739 3810 exercitu
760 3713 963 3798 instructis,
987 3737 1055 3804 per
1069 3712 1242 3780 interiora

269 3809 370 3876 sinus
380 3812 716 3898 'Thrandheimici,
749 3813 925 3882 stellante
942 3821 1073 3898 nocte,
1101 3813 1241 3903 naviga-

267 3921 415 3978 verunt.
469 3913 553 4000 Hic,
578 3935 666 3980 cnm
686 3934 726 3979 se
753 3910 997 4006 Grjotgardus
1023 3915 1073 3982 eis
1093 3915 1241 3999 conjun-

267 4012 400 4098 xisset,
431 4013 646 4099 multajem
663 4025 773 4078 nocte
795 4001 950 4102 (lglam,
985 4015 1050 4082 ubi
1070 4013 1242 4106 Sigurdus

269 4111 422 4205 dynasta
439 4113 606 4181 convivio
622 4112 815 4200 intererat,
834 4126 1103 4202 pervenerunt,
1119 4114 1241 4206 ignem

1254 4221 1255 4256 l
