2526 4782
433 497 496 568 De
510 495 695 564 Horoldo
718 493 969 570 Grcenlondo.

264 603 352 692 Cap.
368 607 416 671 38.
444 599 525 668 Rex
550 593 749 666 Gudrodus
778 595 925 678 Bjornis
946 593 1045 663 filius
1062 596 1201 682 conju·

213 726 302 797 gem
322 701 478 769 duxerat
491 698 641 782 bonam,
671 695 817 784 sibique
839 693 1022 788 dignitate
1039 718 1199 786 parem3

211 805 253 873 hi
272 802 395 872 filiurn
412 809 673 888 procrearunt,
698 795 853 862 nomine
871 795 1102 880 Haraldum,
1124 796 1200 886 qui

210 901 434 974 nutriendus
451 899 491 966 in
514 897 781 969 Graenlandum
797 895 932 963 missus
953 911 1007 964 est
1024 899 1070 966 ad
1092 899 1199 966 Hro-

210 1007 294 1076 ium
310 1003 469 1086 Album,
495 998 663 1090 praefecti
678 995 870 1092 dignitatis
884 996 1017 1065 virum.
1071 997 1198 1066 Filius

211 1103 323 1177 Hroii
337 1101 410 1168 fuit
426 1098 875 1190 HraniusPeregrinator,
899 1098 1063 1166 Haraldo
1080 1111 1198 1165 aetate

211 1228 291 1296 par,
307 1203 464 1290 ejusque
485 1201 714 1268 coalumnus
768 1199 858 1266 Post
868 1197 1008 1266 caedem
1018 1197 1197 1268 Gudrodi

211 1304 355 1393 Bjtirnis
365 1301 434 1369 filii
446 1299 632 1388 Haraldus
642 1299 745 1372 filius
759 1298 854 1384 eine,
867 1298 933 1386 qui
943 1299 1197 1369 Graenlandus

214 1403 499 1500 cognominatus
516 1415 581 1488 est,
600 1400 722 1490 primo
740 1398 780 1464 in
793 1399 991 1486 Upplanda
1009 1399 1195 1489 profugit,

211 1501 563 1574 comitatueranio
577 1502 778 1570 coalumno
790 1519 871 1584 suo,
885 1501 1088 1589 paucisque
1097 1499 1198 1588 aliis,

210 1605 343 1696 ibique
372 1601 606 1693 aliquamdiu
635 1599 735 1690 apud
775 1601 1070 1691 consanguineos
1104 1621 1197 1669 suos

212 1717 463 1774 commoratus
481 1716 547 1770 est.
563 1701 682 1774 Eiriki
700 1699 771 1766 filii
785 1721 847 1766 eos
864 1721 1196 1796 magqopereper·

213 1806 425 1897 quirebant,
443 1799 771 1894 quieriminumin
788 1799 887 1888 ipsos
904 1802 1197 1870 commissorum

212 1906 270 1974 rei
287 1917 404 1991 erant,
426 1901 758 1992 maximequehos‚
776 1901 1198 1988 quosodversariossibi

211 2005 360 2073 futuros
383 2003 561 2093 opinione
577 2001 864 2092 praecipiebant5
893 2025 1008 2090 quare
1026 2001 1195 2072 Haraldo

213 2105 327 2174 amici
342 2105 400 2172 sui
411 2117 448 2172 et
465 2101 958 2196 consanguineisuadebant,
975 2104 1196 2194 utpatriam

210 2207 455 2294 relinqueret.
508 2202 693 2272 Haraldus
711 2202 840 2292 itaque
858 2202 1045 2272 orientem
1061 2223 1195 2271 versus

209 2305 452 2374 inSvioniam
468 2304 662 2390 concessit,
686 2303 916 2391 societatem,
927 2305 989 2371 cui
1003 2327 1042 2371 se
1058 2304 1195 2390 adjun-

212 2420 330 2499 geret,
349 2404 672 2494 circumspiciens,
701 2415 740 2469 et
764 2403 794 2470 si
808 2425 883 2492 qua
906 2419 1033 2494 posset
1050 2405 1092 2474 in
1110 2405 1195 2497 glo·

211 2507 306 2574 bum
316 2505 433 2596 recipi
449 2527 594 2592 eorum,
614 2505 679 2593 qui
694 2525 809 2592 opum
818 2497 1069 2594 parandarum
1080 2527 1195 2573 causa

211 2606 253 2674 in
268 2603 467 2696 piraticam
484 2627 684 2672 excurrere
697 2603 875 2672 solebant.
929 2605 1119 2675 Haraldus
1133 2629 1194 2674 ar-

211 2707 260 2786 tis
286 2718 506 2795 naturaeque
528 2704 637 2772 bonis
664 2705 833 2796 apprime
860 2705 1068 2774 instructus
1098 2720 1191 2774 erat.

208 2807 364 2878 Tostius
383 2805 503 2873 dictus
524 2820 581 2873 est
595 2804 651 2872 vir
668 2805 820 2895 quidam
843 2805 884 2874 in
903 2807 1064 2895 Svionia,
1087 2829 1191 2874 unus

205 2905 253 2985 jin
279 2906 551 2996 potentissimis
577 2919 615 2973 et
643 2906 942 2973 honoratissimis
969 2909 1050 2993 ejus
1079 2907 1193 2998 regni

210 3007 320 3094 viris,
358 3031 451 3098 quos
480 3007 633 3096 quidem
668 3006 795 3074 nullus
824 3007 1017 3098 dignitatis
1051 3008 1192 3075 titulus

211 3103 450 3190 honestabat,
477 3107 580 3174 idem
603 3107 695 3172 belli
720 3106 853 3174 studiis
883 3117 997 3197 quain
1022 3108 1193 3176 maxime

214 3205 380 3293 deditus,
416 3221 453 3274 et
470 3206 534 3273 diu
552 3206 591 3273 in
605 3206 763 3294 piratica
781 3221 964 3296 versatuS,
1000 3231 1191 3299 quaprop-

206 3315 271 3373 'ter
289 3305 409 3373 dictus
425 3319 480 3374 est
498 3306 670 3404 Skogulae
685 3307 879 3392 (Bellonae)
897 3310 1060 3380 Tostius.
1116 3311 1192 3379 Hic

210 3406 394 3478 Haraldus
412 3407 658 3476 Graentandus
677 3409 847 3476 societati
861 3409 1058 3499 (piraticael
1071 3433 1112 3478 se
1123 3409 1190 3477 ad-

209 3507 356 3595 junxit,
385 3519 422 3574 et
438 3507 508 3574 hac
526 3521 651 3575 aestate
675 3509 873 3598 piraticam
892 3533 981 3578 cum
999 3511 1189 3604 Sk'ogulae·

211 3607 343 3680 Tostio
363 3607 538 3695 faciebat,
582 3611 752 3677 omnium
772 3611 939 3678 favorem
963 3613 1033 3692 sibi
1062 3610 1188 3679 conci-

202 3709 306 3776 lians
321 3733 330 3792 3
349 3723 570 3797 sequentem
584 3708 753 3779 hiemem
769 3711 869 3799 apud
878 3713 1051 3780 Tostium
1065 3725 1189 3780 trans·

214 3809 300 3902 egit.
355 3809 538 3878 Haraldus
548 3809 638 3878 duas
655 3811 799 3878 hiemes
812 3813 852 3878 in
859 3812 1071 3902 Upplandis
1086 3835 1188 3880 com·

211 3921 377 3977 moratus
394 3908 528 3996 iuerat,
546 3913 711 4000 quinque
726 3933 813 3980 vero
830 3913 975 3980 hiemes
986 3913 1186 4003 apudTos·

124 4057 125 4061 ,
212 4013 311 4077 tium
324 4023 490 4077 versatus
513 4025 577 4078 est.
630 4016 720 4082 Erat
742 4013 872 4083 Tostio
900 4013 995 4101 lilia,
1029 4013 1185 4081 nornine

212 4110 374 4207 Sigrida,
413 4125 654 4204 patronatu,
683 4127 864 4204 venusta,
898 4115 1015 4188 animi
1033 4115 1129 4188 vasti
1148 4126 1185 4182 et
