2536 4788
236 249 292 334 12
531 261 799 300 ···········
1072 264 1106 322 o.
1131 262 1153 324 5

79 509 81 512 ’
178 475 309 546 eadem
333 472 460 542 hieme
473 472 623 546 Eirilrus
639 475 820 544 boream1
848 469 986 542 versus'
1004 473 1046 542 in
1067 477 1170 546 Mae-

177 579 273 646 riam
290 573 496 666 profectus,
512 577 639 665 solvit,
657 576 798 666 praedio
816 573 912 641 intra
928 571 1172 672 Agdanesum

131 742 135 752 ,
178 677 269 764 sito,
294 673 462 744 convivio
482 690 539 744 est
554 691 743 766 exceptus.
796 678 880 768 Quo
896 675 1046 770 cognito
1062 666 1191 745 Half-¹

180 779 251 846 dan
267 777 404 868 Niger,
438 798 527 845 cnm
552 799 689 871 magna
713 775 882 846 militum
905 799 1021 844 manu
1039 799 1172 868 super-

178 878 344 961 veniens,
365 875 462 944 aedes
479 899 617 947 corona
634 877 761 978 cinxit.
818 873 979 965 Eirilcus‚
1003 877 1044 944 in
1061 871 1170 945 c‘ubi-

130 1048 132 1051 .
180 981 265 1048 culo
285 977 451 1045 solitario
468 977 670 1068 dormiens,
686 979 841 1069 quintus
859 971 941 1065 ipse
957 977 998 1046 in
1018 979 1174 1070 sylvam

179 1080 312 1167 evasit3
344 1077 610 1149 Halfdanvero
629 1104 669 1148 ac
695 1079 754 1147 sui
782 1077 933 1166 villam,
966 1101 1052 1156 cum
1072 1091 1171 1166 tota,

181 1176 265 1270 quae
278 1179 380 1246 intus
396 1193 494 1267 erat,
521 1203 639 1250 manu
656 1177 919 1248 concremavit.
968 1180 1095 1264 Hujus
1111 1181 1172 1254 rei

178 1281 358 1348 nuntium
375 1279 522 1349 Eirikus
550 1281 597 1349 ad
621 1281 830 1351 Haraldum
858 1300 990 1372 regem
1012 1281 1170 1366 attulit,

180 1381 263 1473 qui,
288 1379 389 1475 gravi
403 1383 708 1468 ira-commotm,
739 1383 943 1449 collectum
961 1382 1174 1449 exercitum
1193 1417 1196 1426 ι

180 1479 379 1552 confestim
391 1483 683 1550 boreamversus
697 1482 871 1551 adversus
881 1479 1078 1552 Thrandos
1090 1504 1174 1550 mo·

179 1584 245 1651 vit.-
300 1585 382 1674 Quo
401 1583 551 1673 cognito
566 1582 731 1652 Halldan
748 1583 876 1675 Niger,
906 1581 1114 1650 classiarios
1135 1597 1174 1651 et

179 1703 290 1755 naves
311 1683 530 1773 imperavit,
562 1685 785 1778 ingentique
808 1683 968 1751 collecto
987 1684 1170 1771 exercitu,

179 1785 228 1854 ad
252 1782 426 1870 Stadum,
455 1783 557 1852 intra
581 1784 834 1878 Thorsbjarga
857 1793 984 1872 (rupes
1002 1783 1171 1871 Thoris),

152 1969 155 1976 Ι
181 1887 341 1954 classem
358 1883 518 1972 appulit.
565 1885 646 1954 Rex
666 1884 849 1952 Haraldus
867 1905 955 1951 cum
972 1906 1040 1952 sua
1054 1885 1172 1952 classe

180 1984 523 2072 adHreinsljettam
538 1985 752 2076 (planitiem
773 1984 1003 2070 rhenonum)
1027 1987 1172 2068 stabat,

120 2163 121 2167 Ἰ
180 2085 242 2152 hic
266 2087 365 2152 inter
389 2107 451 2152 eos
467 2085 717 2153 internuntii²
744 2086 932 2154 meabant.
1000 2087 1046 2152 Iu
1064 2109 1172 2154 exer-

182 2188 263 2254 citu
280 2184 474 2253 Halfdanis
491 2185 603 2280 Nigri
628 2186 757 2254 aderat
771 2199 863 2253 tunc
888 2185 946 2253 vir
961 2186 1109 2277 amplus
1132 2201 1172 2255 et

180 2284 337 2373 nobilis,
381 2285 536 2355 nomine
562 2287 797 2357 Guthormus
830 2285 1018 2375 Sindrius,
1057 2300 1170 2357 antea

180 2385 390 2457 Haraldum
416 2408 548 2479 regem
563 2380 743 2475 secutus,
792 2399 830 2454 et
851 2388 1006 2478 utrique
1036 2387 1173 2456 intima

182 2486 346 2556 amicitia
369 2489 543 2573 junctus,
575 2489 678 2558 idem
695 2486 855 2556 eximius
870 2503 951 2554 erat
970 2496 1100 2577 poe'ta,
1132 2502 1172 2572 et

183 2589 344 2676 depatre
360 2609 403 2654 ac
420 2587 521 2677 tilio,
544 2589 737 2684 singulum
759 2588 804 2655 de
823 2587 980 2680 singulis
998 2587 1171 2657 confece-

181 2702 239 2757 rat
255 2709 418 2778 carmen,
447 2690 690 2780 oblatumque
708 2689 753 2756 ab
769 2688 817 2755 iis
836 2689 1006 2778 accipere
1022 2711 1170 2757 recusa-

181 2801 284 2856 verat
300 2791 510 2878 praemium,
534 2791 658 2858 solum
676 2787 836 2882 rogans,
855 2803 910 2876 ut,
928 2789 1029 2880 quod
1049 2791 1169 2859 semel

181 2903 346 2981 peteret,
383 2889 455 2958 sibi
482 2891 751 2976 concederent,
795 2889 835 2956 id
858 2889 959 2980 quod
981 2890 1039 2958 illi
1056 2889 1169 2980 polli-

183 2991 249 3059 citi
265 3003 381 3059 erant.
442 2995 552 3062 Nunc
580 2991 646 3060 ille
675 3011 806 3082 regem
828 2990 1037 3058 Haraldum
1064 3013 1169 3059 acce-

183 3091 286 3176 dens,
314 3089 493 3181 pacisque
508 3091 628 3158 factus
646 3090 915 3178 internuntius,
941 3092 987 3159 ab
1005 3104 1168 3181 utroque

181 3191 220 3259 id
229 3191 404 3280 precibus
431 3191 564 3281 petiit,
601 3206 644 3258 ut
665 3213 799 3280 pacem
818 3191 983 3276 inirent,
1018 3205 1168 3260 tantum

181 3313 270 3359 vero
286 3291 406 3360 valuit
421 3293 623 3360 auctoritas
643 3294 723 3378 ejus
739 3291 842 3382 apud
859 3313 977 3386 rogae,
1004 3305 1059 3381 ut,
1082 3313 1168 3382 pre-

184 3391 290 3460 cihus
312 3394 393 3480 ejus
418 3394 600 3481 permoti,
631 3394 672 3460 in
688 3407 864 3460 mutuam
886 3394 1044 3486 gratiam
1068 3392 1167 3462 redi-

182 3508 279 3561 rent.
339 3493 458 3566 Multi
475 3494 540 3561 alii
554 3495 776 3585 amplissimi
800 3493 871 3562 viri
892 3495 989 3560 hano
1018 3517 1169 3562 causam

185 3615 274 3661 oum
297 3616 341 3662 eo
363 3596 610 3688 peragebant,
647 3607 686 3662 et
713 3593 923 3684 pacificatio
953 3617 996 3662 ea
1015 3593 1169 3664 tandem
1253 3615 1254 3626 ¹

181 3693 267 3785 lege
286 3695 488 3764 constituta
505 3709 583 3786 est,
609 3709 655 3764 ut
668 3719 734 3763 rex
751 3695 915 3766 Halfdan
928 3708 1048 3763 totam
1062 3719 1169 3764 suam
1253 3713 1254 3782 ξ

184 3793 368 3864 ditionem
390 3797 589 3885 retineret,
622 3810 660 3865 et
682 3795 828 3865 nullam
842 3796 1092 3864 hostilitatem
1108 3797 1168 3864 ad·
1253 3877 1254 3900 Χ

135 3936 138 3942 ·
159 3893 160 3897 ’
182 3918 311 3964 versus
326 3896 483 3969 fratrem
502 3897 675 3970 Eirikum
692 3897 903 3966 moliretur,
964 3899 1035 3968 His
1053 3898 1167 3966 rebus
1253 3903 1254 3960 l

184 4001 453 4022 q--np-——u-q—

230 4025 259 4094 ¹)
281 4017 395 4098 austrum
405 4065 413 4092 ,
432 4034 462 4082 F.
504 4025 531 4094 ἶ)
551 4029 669 4085 doctores
686 4029 797 4095 (sacri),
816 4030 842 4077 F
855 4030 953 4098 inepto.
