2526 4782
42 347 68 406 c.
92 295 223 415 nu
401 331 672 426 ...··-’..--·...,
898 335 958 424 97

36 576 147 629 temo
169 585 233 630 me
257 579 455 650 nunquam
476 557 771 629 venumdatum
794 558 852 634 iri.
917 565 1018 660 Quo-u

35 663 133 733 niam
148 677 238 731 vero
259 661 317 728 vir
335 681 372 728 es
389 655 479 727 fidei
503 673 697 750 spectatae,
719 662 801 730 fieri
819 679 956 754 potest,
973 687 1017 736 ut

36 765 111 851 ejus
127 763 200 831 tibi
221 761 328 852 copia
344 761 409 829 fiat
425 761 741 854 magnapecuniae
760 786 907 835 summa
917 768 1015 836 redi-

34 863 179 953 mendi,
205 885 248 933 ea
264 877 393 931 tamen
411 860 490 932 sola
509 861 614 956 lege,
652 877 697 930 ut
716 861 791 932 lide
812 866 896 936 data
928 891 1013 958 pro«

32 963 178 1052 mittas,
219 978 258 1033 te
289 985 376 1032 eum
406 961 528 1052 pretio
554 983 694 1032 venum
719 987 798 1032 non
823 965 1012 1059 daturum,
1071 958 1075 966 ’

32 1087 152 1154 neque
171 1065 252 1134 ulla
268 1063 309 1132 in
326 1087 366 1131 re
385 1062 550 1132 deterius
568 1065 802 1154 habiturum,
819 1087 931 1158 quam
949 1071 1012 1139 hic

32 1181 136 1234 antea
161 1166 317 1236 habitus
341 1178 406 1232 est.
461 1164 639 1258 Sigurdus
664 1167 882 1256 respondet:
917 1168 1014 1238 tanti

33 1289 117 1334 eum
145 1265 310 1353 aestima,
348 1265 479 1356 quanti
494 1265 575 1347 vis;
605 1286 674 1356 ego
700 1290 788 1334 eum
807 1290 929 1338 emam
952 1270 1012 1338 his
1099 1274 1105 1282 '

32 1367 325 1452 conditionibus,
337 1387 427 1455 quas
444 1366 609 1456 singulas
621 1369 868 1450 enumerasti;
885 1393 1012 1460 neque

30 1465 122 1535 mihi
137 1468 179 1534 in
198 1467 325 1536 animo
349 1481 424 1553 est,
451 1489 538 1534 eum
554 1466 734 1551 vendere,
759 1484 958 1560 postquam
971 1470 1013 1538 in

30 1587 151 1634 meam
168 1579 398 1658 potestatem
419 1568 577 1653 venerit,
601 1587 710 1634 meus
732 1571 834 1638 enirn
852 1584 908 1638 est
925 1592 1012 1638 con·

31 1669 266 1760 sanguineus.
318 1668 401 1736 Sive
417 1691 504 1735 vero
524 1667 715 1752 breviore,
744 1668 820 1736 sive
839 1670 1011 1760 longiore

29 1780 198 1858 tempore
224 1769 295 1836 hac
326 1768 372 1836 de
403 1791 445 1837 re
470 1773 655 1862 egerunt‚'
683 1767 864 1860 Sigurdus
889 1769 1012 1841 Thor*

31 1869 162 1958 gilsem
180 1869 318 1938 selibra
333 1867 433 1956 auri,
460 1869 622 1936 Olavum
637 1872 800 1936 novcm¹'
825 1870 906 1937 auri
926 1869 1012 1938 seli-

29 1968 111 2057 bris,
130 1971 234 2038 emit.
263 1972 346 2061 Quo
364 1968 475 2055 facto,
495 1968 675 2064 sigurdus
691 1982 897 2059 utrumque
918 1991 1012 2058 pue·

29 2069 1010 2162 rumsecumHolmgardum(Novogorodiudeuxit3

31 2191 143 2264 genus
167 2171 275 2240 Olavi
299 2171 445 2239 nemini
471 2167 670 2257 indicavit,
703 2169 830 2260 ipsum
853 2193 940 2238 vero
970 2171 1012 2238 in

32 2271 206 2339 omnibus
226 2269 337 2339 rebus
353 2269 752 2340 liberalitertractavit.
810 2273 914 2342 Tum
924 2271 1011 2339 Ola·

30 2391 90 2436 vua
105 2394 246 2440 novem
257 2393 444 2442 annorum
457 2370 541 2439 fuit.
883 2425 886 2434 .

33 2472 172 2540 Olnvus
203 2471 389 2564 Tryagvii
411 2471 525 2560 filius
547 2471 777 2541 Klerkonem
804 2469 1008 2559 interfecit.

76 2569 164 2660 Cap.
182 2577 234 2644 47.
262 2572 337 2642 Die
359 2571 521 2660 quodam
540 2571 875 2664 OlavusTr'yggvii
895 2571 1009 2658 lilius,

32 2667 161 2738 infore
180 2673 432 2759 constitutus,
457 2692 596 2764 magna
612 2671 817 2742 hominum
834 2671 1010 2761 frequen*

32 2765 96 2853 lia,
134 2773 368 2841 Klerkonam
387 2771 441 2838 ibi
465 2773 635 2868 agnovit,
678 2771 745 2863 qui
778 2770 1011 2843 Thorolfum

33 2863 323 2965 Lusaskeggem‚
363 2871 572 2940 nutricium
614 2873 713 2967 ejus,
752 2871 1007 2940 interfeceratd

34 2965 162 3036 Olavus
178 2973 365 3063 exiguam,
378 2993 491 3063 quam
501 2993 616 3041 manu
630 2972 810 3064 gestabat,
831 2971 1009 3058 securim,

32 3065 72 3133 ad
92 3067 323 3140 Klerkonem
348 3071 544 3159 accedens,
577 3071 692 3162 capiti
725 3073 806 3159 ejus
835 3069 1008 3161 impegit,

32 3167 124 3235 utin
143 3171 343 3241 cerebrum
360 3185 593 3263 penetrarem
622 3193 696 3262 quo
715 3170 813 3239 facto
832 3171 873 3239 in
892 3169 1008 3260 pedes

33 3287 64 3332 se
82 3269 287 3354 conjiciens
306 3273 462 3342 domum
471 3273 675 3360 festinavit,
698 3285 735 3339 et
751 3271 1010 3365 Sigurdocogae

32 3381 110 3434 nato
128 3393 196 3438 auo
215 3395 298 3442 rem
318 3373 462 3442 retulit.
517 3373 700 3466 Sigurdus
720 3395 810 3440 eum
827 3371 932 3439 illico
961 3368 1009 3438 ad

34 3469 245 3540 cubiculum
270 3475 411 3564 reginae
439 3472 595 3566 Allogiae
622 3472 747 3562 duxit,
786 3473 896 3562 eique
925 3495 1008 3538 rem

32 3571 205 3658 narravit,
231 3589 383 3664 petens,
408 3587 451 3641 ut
469 3597 582 3664 opem
612 3593 733 3663 puero
756 3572 862 3641 ferat.
927 3569 1008 3657 Illa,

31 3685 185 3753 puerum
202 3672 360 3760 intuita,
386 3674 497 3742 fatur:
524 3697 602 3744 non
618 3675 673 3743 sas
697 3687 766 3761 est,
781 3685 860 3740 tam
875 3691 1009 3738 venus·

30 3779 106 3836 tum
122 3793 289 3861 puerum
302 3776 547 3862 ·interficere;
580 3797 669 3842 mox
687 3793 819 3842 omnes
838 3793 926 3840 suos
954 3793 1009 3838 sa·

30 3869 162 3938 tellites
183 3873 359 3964 panoplia
373 3889 537 3944 armatos
554 3873 684 3942 adesse
703 3873 824 3961 jussit.
875 3873 1010 3942 Holm-

34 3969 128 4050 gardi
143 3984 239 4061 pax²
260 3983 340 4040 tam
359 3988 489 4042 sancte
507 3975 715 4064 colebatur,
742 3973 869 4064 utqui
886 3971 1010 4039 horni-

31 4067 283 4090 ann-...w

67 4098 96 4164 ¹)
113 4103 213 4164 locun,
233 4103 265 4165 Β,
287 4099 325 4165 03
345 4101 487 4167 undecim,
507 4105 537 4168 F,
555 4103 583 4154 S.
626 4103 658 4176 2)
674 4101 832 4173 nsvannhelgz',
853 4095 1010 4170 (prostiffl

34 4186 113 4255 lnlgi)
134 4191 254 4241 securlus
275 4191 399 4258 publica,
418 4191 458 4260 Ως
485 4191 638 4264 υιινῢΙιιΙὲἰ,
658 4195 696 4244 nl.
711 4195 742 4256 B,
761 4195 813 4332 FG

87 4271 148 4324 Vol.
169 4276 196 4322 1.
771 4293 774 4298 ·
