2526 4782
312 331 398 421 118
592 349 860 389 ··--··
1033 346 1069 406 c.
1092 343 1221 412 ss-sr.

235 561 333 630 .Post
354 556 427 626 hoc
449 555 626 644 proelium
653 579 720 624 rex
739 552 973 646 Ragnlrbdus
999 578 1019 621 e
1037 555 1222 646 Norvegia

244 658 408 753 aul1ugit3
441 657 576 728 llalron
599 679 686 724 vero
715 656 884 748 dynasta,
926 670 1059 745 pacato
1093 679 1219 750 regno,

236 777 425 849 'magnum
443 755 553 824 illurn
573 756 799 842 exercitum,
826 754 890 844 qui
907 778 996 824 eum
1011 755 1080 824 hac
1096 769 1221 822 aestate

238 874 394 927 secutus
408 854 545 942 fuerat,
567 857 720 924 boream
733 877 860 924 versus
873 853 1039 937 remisit;
1065 855 1145 945 ipse
1161 877 1221 922 au-

243 972 321 1026 tem
344 969 527 1030 autumno
549 968 590 1024 et
607 953 853 1046 subsequenti
866 953 995 1046 hieme
1009 955 1052 1023 in
1063 953 1221 1024 australi

244 1057 354 1150 regni
368 1069 474 1144 parte
497 1070 752 1124 commoratus
771 1067 836 1122 est.
890 1057 978 1124 Hac
992 1069 1143 1139 aestate,
1178 1055 1221 1123 de

245 1155 446 1248 quamodo
463 1154 656 1245 proditum
673 1171 746 1244 est,
764 1156 903 1224 Olarus
914 1155 1095 1248 Tryggvii
1111 1154 1220 1240 lilius,

197 1325 200 1328 ,
245 1270 330 1325 turn
356 1279 493 1323 novem
517 1277 632 1326 annos
656 1269 788 1344 natus,
823 1255 1011 1323 orientem
1035 1277 1161 1324 versus
1184 1255 1220 1321 in

246 1355 500 1426 Gardarikiam
512 1357 697 1447 pervenit,
723 1371 766 1424 ut
783 1356 1090 1446 suprascriptum
1107 1368 1175 1422 est.

250 1457 455 1529 Vaticinia
483 1456 524 1524 in
551 1457 793 1526 Garrlatt'kia
821 1463 867 1526 de
897 1459 1019 1526 Olovo
1042 1456 1238 1550 llyggvii

613 1555 698 1646 filio
723 1556 841 1624 edita.

298 1655 384 1744 Cap.
405 1663 455 1728 57.
481 1658 564 1751 Quo
583 1655 902 1747 temporeOlavus
918 1653 958 1724 in
968 1653 1220 1726 Gardarilriam

245 1755 430 1846 pervenit,
447 1757 661 1847 complures
676 1754 1012 1849 l'uereHolmgardi
1029 1753 1125 1824 tales
1141 1753 1218 1840 viri,

247 1854 311 1945 qui
329 1857 465 1924 multas
481 1877 538 1924 res
555 1857 700 1932 futuras
718 1855 988 1945 praedicebant3
1012 1854 1054 1922 hi
1083 1855 1218 1924 divina·

245 1955 350 2024 tione
364 1977 431 2024 sna
448 1977 569 2025 uuum
587 1978 717 2026 omnes
733 1953 1010 2051 significabant,
1033 1953 1219 2022 advenisse

245 2056 287 2127 in
313 2075 473 2147 regnum
501 2059 631 2149 genios
654 2055 726 2124 viri
749 2055 957 2152 peregrini,
991 2066 1085 2124 natu
1107 2053 1219 2145 parvi,

246 2166 390 2223 tantam
403 2155 665 2244 promittentes
682 2151 986 2246 prosperitatem,
1013 2169 1057 2223 ut
1078 2177 1118 2225 se
1140 2155 1220 2225 nul·

244 2254 319 2324 lius
343 2253 508 2324 hominis
531 2255 660 2350 genios
685 2255 901 2352 augustiore
931 2254 1057 2344 specie
1086 2254 1219 2322 vidisse

243 2355 372 2422 testati
385 2354 472 2444 sint,
499 2356 709 2425 nescientes
726 2354 892 2448 quidem,
911 2355 1004 2445 quis,
1025 2368 1090 2423 aut
1111 2353 1218 2440 unde,

245 2453 312 2524 ille
338 2454 394 2521 vir
418 2455 530 2542 esset,
561 2457 690 2526 multis
719 2469 846 2524 tamen
863 2455 985 2523 verbis
1002 2455 1220 2524 confirman-

246 2567 302 2622 tes
335 2553 472 2624 claram
494 2555 600 2626 illam
625 2557 773 2644 lucem,
814 2579 896 2646 quae
926 2577 1014 2624 eum
1035 2553 1220 2646 superful-

248 2667 355 2748 geret
372 2675 441 2744 per
457 2667 577 2724 totam
598 2655 873 2744 Gardarikiam,
899 2656 1113 2746 multasque
1133 2654 1219 2722 alias
1254 2739 1255 2746 ἵ

247 2765 372 2844 partes
389 2752 542 2824 orientis
559 2756 694 2849 spargi.
751 2755 848 2824 Cum
864 2777 951 2822 vero
978 2757 1109 2848 regina
1122 2753 1220 2825 Allo·

217 2851 223 2870 '
247 2852 304 2947 gia
322 2851 492 2924 omnium
508 2854 736 2926 feminarum
753 2855 849 2924 'esset
862 2853 1156 2947 sapientissima,
1181 2867 1220 2921 ut

246 2951 415 3047 primum
431 2954 591 3026 Olavum
620 2957 833 3048 conspexit,
865 2979 912 3024 ex
929 2955 1041 3024 vultu
1064 2957 1146 3043 ejus
1168 2955 1220 3022 in-

247 3053 412 3142 tellexit,
452 3053 554 3125 huno
576 3077 740 3146 puerum
770 3069 851 3125 tam
876 3055 1039 3147 benigna
1070 3054 1220 3123 fortuna

247 3175 416 3242 usurum,
425 3167 540 3244 prout
556 3154 863 3226 demonstrabant
869 3153 1054 3242 vaticinia,
1068 3168 1220 3248 utmag-

247 3274 336 3321 nam
357 3253 512 3348 gloriam
544 3255 772 3326 Gardarikiae
803 3255 1068 3326 conciliaturus
1108 3269 1221 3336 esset;

245 3367 479 3442 ‘quapropter
504 3355 549 3423 ab
575 3377 667 3448 rege
690 3370 728 3424 et
749 3355 1133 3452 reginabenigissime
1159 3355 1220 3423 ha·

247 3449 347 3519 bitus
366 3465 434 3542 est,
452 3469 492 3522 et
514 3477 534 3522 a
555 3456 804 3550 prudentibus
823 3455 976 3524 etbonis
993 3454 1080 3524 viris
1090 3453 1218 3548 magni

249 3553 461 3622 aestimatus.
515 3555 653 3625 Olavus
675 3557 715 3625 in
730 3551 948 3626 Gardarikia
976 3555 1159 3643 adolevit,
1183 3568 1220 3622 et

247 3651 353 3742 prius
367 3653 558 3744 sapientia,
569 3658 718 3744 viribus,
734 3657 1093 3745 ceterisquenaturae
1103 3653 1218 3742 bonis,

249 3773 365 3842 quam
397 3753 520 3843 annis,
551 3759 746 3826 maturuit.
808 3759 888 3827 Rex
912 3756 1113 3826 Valdamar
1137 3755 1218 3823 Ola-
1252 3783 1253 3852 ζ

247 3871 337 3938 vum
355 3849 458 3922 haud
470 3875 575 3923 secus
594 3857 748 3943 amavit,
773 3878 816 3924 ac
832 3857 864 3924 si
880 3878 924 3923 ex
942 3855 1021 3948 ipso
1040 3867 1153 3924 natus
1170 3877 1218 3922 es·
1252 3863 1253 3933 l

247 3965 320 4041 set,
357 3975 521 4046 eumque
544 3953 585 4024 in
617 3953 845 4050 digladiandi
867 3954 1109 4044 dexteritate,
1142 3968 1217 4024 arte

247 4059 510 4075 —0-—7———2-

245 4083 341 4134 vocula
359 4095 397 4146 ot,
413 4099 473 4154 quaa
489 4083 516 4134 h.
533 4085 553 4136 l.
573 4086 705 4138 rarissima
717 4085 794 4136 lectio
806 4097 852 4148 est,
872 4085 943 4136 idem
956 4081 1083 4152 siguificat
1097 4102 1129 4138 ae
1143 4084 1168 4148 al,
1182 4085 1217 4145 in,

246 4165 609 4244 per3'ttospac.1teg.p.2:
627 4177 718 4245 gringu
734 4179 882 4228 rirer'nnot
903 4197 1009 4246 reguum·
1030 4177 1058 4226 it.
1074 4175 1121 4224 ‹lro'
1135 4176 1216 4241 biirpu.

247 4261 348 4332 climat
361 4266 402 4327 isi,
417 4265 445 4316 in
460 4265 550 4334 glacie,
563 4287 611 4340 per
628 4267 746 4336 glaciem,
758 4267 809 4322 διε.
825 4268 891 4318 llkr.
906 4269 984 4318 Tum.
1006 4269 1030 4331 3,
1048 4284 1076 4336 p.
1093 4266 1215 4330 202,372.
1251 4311 1252 4358 1
