2554 4778
262 266 353 363 250
549 283 818 364 .....······..-=....··,
1044 279 1078 356 c,
1100 275 1186 342 105.

199 522 263 570 me
281 491 690 592 Sigurdns,arunculus
698 515 815 582 meus,
824 489 912 560 inde
922 491 1138 580 redimeret,
1149 501 1197 560 et

201 622 331 670 secum
343 597 527 666 orientem
537 616 664 662 versus
680 593 726 672 in,
738 593 997 664 Gardarikiam
1014 593 1192 678 duceret,

201 722 338 778 novem
357 708 625 765 annosnatum.
644 691 757 764 -Aiios
774 717 911 770 novem
925 716 1041 766 annos
1051 692 1195 767 Gardis

201 799 270 886 fui,
281 798 395 866 etiam
404 797 445 864 in
464 795 588 881 exilio,
604 793 675 864 etsi
688 795 874 864 bonorum
885 793 1104 886 principum
1116 793 1195 862 hu-

202 897 493 974 manitatebene
510 895 659 982 habitus
671 917 799 977 essem.
827 894 975 968 Deinde
986 910 1060 967 tres
1070 915 1196 980 annos

202 997 244 1068 in
252 994 476 1069 Viudlandia
489 1010 771 1080 versatussum3
792 1010 955 1086 quatuor
971 1019 1061 1064 vero
1078 995 1195 1064 annis

202 1101 245 1171 in
258 1099 366 1168 terris
382 1095 675 1180 occidentalibus
691 1096 889 1184 piraticam
906 1096 1071 1166 exercui.
1107 1097 1196 1164 Hoc

205 1200 515 1288 omnitempore,
540 1211 585 1264 ut
608 1197 720 1266 facile
745 1195 913 1289 intelligi
934 1211 1077 1287 potest,
1111 1219 1196 1265 ma·

204 1301 304 1395 sinas
331 1296 570 1392 adspergiues
596 1312 634 1370 et
656 1297 801 1368 labores
829 1299 994 1388 pertuli,
1033 1322 1079 1366 ea
1112 1295 1195 1364 sola

204 1422 294 1471 usus
310 1400 497 1486 libertate,
516 1421 588 1490 qua
608 1399 708 1468 inter
725 1415 872 1468 exteras
891 1397 1195 1494 ignotasquena-

205 1501 327 1568 tiones
345 1499 404 1568 uti
422 1499 560 1590 licuit,
577 1499 676 1569 nihil
691 1501 770 1568 fere
786 1499 941 1583 habens,
967 1522 1041 1590 quo
1064 1495 1196 1588 copias
1266 1491 1267 1558 ἶ

206 1615 477 1728 sustentarem,
500 1599 573 1668 nist
562 1599 695 1714 qnod
717 1623 810 1670 meae
822 1622 1081 1715 meorumque
1104 1599 1195 1665 vitae

205 1677 381 1795 periculqi
393 1701 615 1792 comparavi,
637 1701 682 1771 de
698 1701 846 1786 majori
849 1700 964 1770 etiam
981 1724 1022 1770 re
1038 1696 1197 1790 pericli·

207 1815 319 1888 tatus,
344 1801 473 1915 dequo
489 1823 799 1888 commemorare,
815 1802 929 1888 hujus
944 1801 1019 1870 lom
1027 1821 1107 1870 non
1115 1810 1194 1882 est,

208 1903 349 1971 multos
369 1901 472 1970 enim
490 1900 710 1970 innocentes
728 1902 901 1972 homines
923 1901 1049 1989 bonis,
1079 1921 1196 1990 quos·
1266 1943 1267 1984 ,

209 2001 297 2072 dam
314 2024 403 2096 veqo
423 2001 600 2096 vita,qui
612 2001 824 2095 piratarum
837 2025 918 2072 mos
933 2017 999 2090 est,
1017 1997 1197 2092 spoliavi·
1266 1995 1267 2082 i

208 2124 305 2172 mus.
331 2101 587 2172 Possessiones
601 2115 852 2191 autemmeas,
868 2116 1196 2197 etregnumama-
1266 2091 1267 2106 ¹

208 2202 353 2292 joribus
369 2201 560 2288 relictum,
589 2217 770 2292 occupata
784 2217 990 2272 tenuerunt
1014 2199 1197 2290 homines

108 2337 112 2348 ¹
209 2301 313 2372 haud
330 2323 419 2372 sane
442 2301 556 2394 digni,
572 2302 642 2394 qui
657 2304 741 2372 vitae
755 2327 849 2372 meae
865 2314 1198 2399 cognatorumque

210 2426 386 2488 meorum
399 2401 672 2494 multiplicibus
684 2402 833 2474 astutiis
853 2403 1021 2472 insidiati
1033 2400 1199 2491 saumsi—
1266 2419 1267 2484 ff

212 2518 277 2574 cut
287 2501 851 2598 GunuhildaRegum·genetrix
869 2517 908 2572 et
918 2503 1090 2590 filiiejus,
1111 2499 1196 2592 qui,
1266 2485 1267 2540 i

213 2605 245 2672 si
265 2625 343 2670 non
358 2602 790 2694 pluraconcupivissent,
811 2627 926 2695 quam
944 2627 1026 2696 quae
1044 2602 1131 2686 jure
1146 2600 1198 2670 ad

214 2725 276 2772 eos
291 2701 542 2792 pertinebant,
562 2703 711 2796 generis
730 2703 1020 2796 quidemhabita
1035 2703 1197 2790 ratione,

212 2805 273 2894 jus
295 2801 407 2896 regiae
434 2801 625 2896 dignitatis
649 2802 876 2884 habuerunt.
945 2803 1105 2877 Generis
1136 2825 1200 2871 ra-

213 2907 316 2976 tione
326 2903 454 2974 habita
468 2926 621 2994 aequnm
635 2903 730 2993 fuit,
753 2904 812 2976 uti
830 2905 893 2975 hie
900 2907 1093 2998 princeps,
1128 2901 1199 2995 qui

213 3003 486 3098 proximehuic
496 3005 931 3098 regnopraefnit,Hakon
952 3005 1121 3096 dynasta,
1130 3027 1200 3095 pa·
1266 3033 1267 3040 ¹

213 3121 362 3180 ternam
380 3103 639 3192 haereditatem
655 3107 883 3196 retinuisset,
906 3107 1141 3219 titulumque
1157 3116 1200 3172 ot
1266 3159 1267 3166 ,

217 3203 413 3276 commoda
440 3205 615 3296 dynastae,
646 3207 737 3292 justi
767 3207 966 3304 Norvegici
995 3206 1094 3302 regis
1120 3227 1200 3276 ,·no

215 3305 339 3419 mine,
371 3305 573 3398 tenuisset3
609 3305 859 3378 illudentem
885 3321 1015 3378 contra
1042 3329 1200 3420 aequum

107 3417 109 3422 ’
216 3406 352 3498 jusque
367 3393 458 3492 fuit,
482 3406 583 3495 qnod
598 3407 669 3475 toti
684 3407 763 3478 fere
779 3407 975 3504 Norvegiae
1001 3429 1099 3475 unus
1124 3406 1200 3474 im-

179 3527 181 3532 ·
216 3505 374 3599 peravit,
384 3505 550 3598 reg1bus,
562 3507 835 3598 qulbusparere
846 3507 1037 3594 debuerat,
1052 3506 1201 3598 partim

217 3607 342 3692 armis,
358 3605 498 3696 partim
514 3606 576 3678 dol
579 3607 839 3692 ointerfectis3
858 3633 973 3700 quam
991 3631 1060 3702 ego
1074 3607 1200 3674 fortn-

115 3703 117 3708 ’
217 3729 306 3778 nam
325 3719 501 3796 expertus
514 3707 688 3796 fuissem,
712 3708 743 3776 si
759 3711 944 3780 malevola
959 3711 1048 3796 ‹ejus
1074 3706 1199 3775 consi-

218 3807 271 3884 lia
294 3803 340 3873 ad
356 3807 533 3878 effectum
548 3806 949 3898 pervenissent;.misit
969 3809 1074 3878 euim
1097 3805 1200 3876 occi·
1266 3813 1267 3850 ³

220 3906 372 3979 dentem
386 3928 512 3976 versus
522 3909 733 3980 Thorerem
746 3910 939 3996 Klakkam,
962 3932 1027 4000 qm
1037 3933 1112 3996 me,
1131 3907 1199 3975 do·
1266 3947 1267 3962 κ

218 4105 399 4216 traderet,
421 4106 590 4206 alioquin
613 4131 701 4182 vero
724 4133 787 4182 me
811 4110 929 4184 interf
926 4113 1059 4204 iceret,
1093 4107 1267 4208 quod

55 4061 57 4064 .
167 4073 170 4079 ,
218 4008 257 4082 10
275 4005 523 4078 aboccidente
542 4023 717 4100 tractum,
731 4032 772 4078 m
788 4025 1015 4178 potestatem
1030 4010 1267 4102 dynastae
