2536 4788
295 285 353 372 38
569 299 848 360 2⁸2¹!
1028 296 1065 355 c.
1084 291 1215 360 22-23.

221 507 288 582 sia
305 505 429 594 venit,
455 527 592 602 magna
615 505 706 576 illuc
731 507 964 576 confluxerat
988 506 1217 576 colonorum

233 606 453 681 multitudo.
520 605 692 678 Comitiis
720 605 954 692 constitutis,
989 627 1055 676 rex
1077 607 1218 675 Halon

233 711 347 780 verba
359 707 462 798 fecit,
479 706 666 776 sicorsus:
690 707 763 776 hoc
778 707 903 793 jubeo,
924 718 1035 775 etoro
1053 728 1118 775 vos
1135 727 1216 776 om·

223 832 300 885 nes
321 807 480 880 rusticos
509 820 547 874 et
563 807 737 896 colonos,
775 819 855 876 tam
877 808 1060 895 majores,
1098 829 1217 897 quam

225 911 422 996 minores,
446 921 485 978 et
509 907 729 976 universum
751 907 957 998 populum,
995 909 1152 994 juvenes
1175 927 1217 973 ac

234 1033 361 1096 senes,
386 1008 528 1080 divites
546 1027 588 1076 ac
606 1029 811 1099 pauperes,
842 1007 1022 1076 mulieres
1038 1031 1145 1098 aeque
1164 1021 1218 1074 at-

236 1133 311 1202 que
325 1110 435 1197 viros,
457 1123 502 1178 ut
515 1130 646 1177 omnes
655 1107 830 1178 homines
846 1107 1071 1200 religionem
1083 1108 1218 1190 christ-

235 1212 361 1300 ianam
385 1210 675 1300 amplectantur,
709 1231 909 1298 unumque
927 1207 1041 1279 deum
1061 1207 1218 1278 credant

238 1310 433 1380 Christum
461 1308 592 1382 Mariae
624 1310 769 1398 silium,
813 1308 941 1380 omnia
964 1309 1150 1381 sacrificia
1181 1321 1217 1374 et

238 1409 408 1480 ethnicos
434 1409 524 1479 deos
553 1409 749 1498 abjiciant,
775 1409 992 1500 septimum
1014 1432 1216 1500 ¹quemque

238 1511 339 1582 diem
355 1510 497 1580 festum
520 1522 653 1602 agant,
688 1510 734 1580 ab
756 1509 861 1582 omni
880 1529 1017 1602 genere
1042 1509 1217 1578 laborum

238 1601 434 1698 cessantes,
447 1624 484 1678 et
493 1610 655 1701 septimo
674 1632 826 1702 quoque
840 1610 900 1678 die
912 1609 1095 1696 jejunent.
1125 1613 1216 1702 Quae

236 1733 324 1780 cum
339 1712 482 1802 populo
497 1733 563 1780 rex
578 1711 801 1801 aperuisset,
824 1710 958 1803 ingens
978 1710 1103 1780 extitit
1118 1710 1218 1778 colo-

237 1833 377 1882 norum
395 1811 658 1898 murmuratio,
687 1811 787 1901 quod
804 1833 872 1879 rex
888 1833 951 1878 eos
974 1834 996 1878 a
1021 1810 1217 1888 laboribus

238 1931 395 1980 avocare
419 1911 546 1999 vellet,
570 1911 748 1998 dicentes,
765 1934 843 1982 non
860 1931 969 2002 posse
985 1909 1055 1980 hac
1071 1911 1217 1980 ratione

238 1997 381 2080 teriam
398 2010 501 2094 coli,
535 2011 698 2101 operarii
720 2035 808 2079 vero
834 2025 872 2080 et
890 2011 987 2079 servi
1004 2033 1218 2085 murmura-

238 2109 342 2198 bant,
369 2108 547 2199 dicentes,
569 2110 600 2178 si
618 2111 700 2180 cibo
716 2111 994 2200 fraudarentur,
1019 2135 1096 2182 non
1110 2133 1218 2199 posse

239 2230 280 2278 se
300 2231 394 2300 opus
410 2210 552 2300 facere,
575 2211 851 2302 addentesque,
878 2212 951 2280 hoc
975 2237 996 2282 a
1014 2225 1150 2280 natura
1169 2211 1219 2278 vi-

237 2309 338 2381 tium
361 2310 624 2388 insitumesso
651 2311 730 2406 regi
752 2311 944 2400 Hakonr,
981 2311 1217 2398 et'Haraldo,

239 2411 339 2502 patri
366 2413 465 2502 ejus,
497 2435 706 2513 eorumque
733 2411 899 2504 cognatis
933 2425 971 2480 et
998 2411 1217 2500 majoribus,

241 2510 343 2602 quod
367 2511 442 2580 cibi
466 2527 591 2582 essent
612 2511 845 2604 parcissimi,
873 2513 1041 2606 quamvis
1068 2512 1110 2582 in
1126 2535 1217 2582 auro

239 2609 498 2684 distribuendo
516 2613 622 2707 largi.

333 2710 572 2808 Colloquium
587 2712 688 2806 regis
705 2724 741 2781 et
758 2711 917 2806 Sigurdi
936 2714 1127 2806 dynastoe.

293 2810 447 2902 Cap.23.
477 2814 635 2899 Asbjiirn
667 2835 809 2882 nornen
840 2825 919 2882 erat
947 2812 1027 2882 viro
1056 2814 1217 2902 potenti,

240 2912 477 2988 Medalhusis
493 2914 534 2982 in
552 2911 776 2986 Gaulardalo
796 2912 993 2982 habitanti.
1047 2916 1219 2984 Surrexit

240 3013 1218 3106 Asbjiirn,etadorationemregishocmodorespon·

241 3111 314 3183 dit:
341 3136 384 3186 ea
401 3113 486 3200 suit,
509 3137 531 3182 o
548 3137 613 3182 rex
627 3113 777 3182 Hakon!
803 3129 977 3182 nostrum
995 3117 1218 3184 colonorum

240 3211 383 3305 opinio,
404 3213 551 3306 quando
572 3215 695 3304 prima
711 3214 790 3284 vice
805 3212 868 3282 hic
882 3216 923 3284 in
933 3215 1217 3288 Thrandheimo

242 3314 393 3386 comitia
415 3313 602 3404 habuisti,
638 3337 723 3382 cum
743 3337 810 3384 nos
827 3327 865 3382 te
882 3339 1010 3412 regem
1029 3339 1218 3384 creavera-

240 3436 342 3504 mus,
372 3414 611 3505 herediisque
633 3414 769 3484 nostris
799 3416 863 3484 abs
895 3431 933 3484 te
951 3415 1079 3484 donati
1096 3415 1218 3486 fuera-

240 3537 337 3604 mus,
354 3538 421 3584 nos
439 3529 524 3582 tum
542 3517 680 3584 coelum
696 3515 869 3584 manibus
888 3517 1217 3606 comprehendisse

225 3613 383 3706 ¹(digitis
401 3614 602 3711 attigisse);
629 3639 731 3686 nunc
747 3640 836 3686 vero
855 3618 1063 3704 nescimus,
1088 3632 1220 3688 utrum

240 3711 453 3786 libertatem
472 3719 748 3807 acceperimus,
768 3742 816 3786 an
835 3718 926 3785 velis
943 3743 1012 3786 nos
1027 3742 1125 3788 novo
1143 3744 1219 3788 sera

240 3814 370 3884 vitutis
394 3839 531 3912 genere
554 3818 770 3910 implicare,
801 3818 916 3908 idque
937 3819 1032 3886 mira
1057 3820 1218 3908 quadam

240 3917 405 4006 ratione,
440 3920 506 4009 qui
532 3921 722 4010 postuloS,
756 3931 799 3986 ut
824 3919 1048 4011 religionem
1069 3920 1218 4008 abjicia-

239 4037 344 4106 muS,
381 4042 493 4110 quam
514 4035 599 4090 ante
617 4043 684 4088 nos
704 4033 829 4111 patres
850 4033 888 4087 et
908 4022 1069 4108 majores
1085 4022 1217 4107 nostri,

238 4122 288 4136 ὓ
296 4125 391 4135 ιι-ι-
398 4127 506 4136 -u-

286 4149 313 4213 ¹)
331 4148 470 4214 Hnllduui,
491 4151 512 4202 F
515 4185 522 4202 .
