2534 4778
58 320 99 387 c,
122 317 252 387 stes·
436 307 714 387 *μς-ξ’
902 311 988 399 221

55 533 290 621 surrexerit,
331 529 422 602 iicet
448 529 604 622 dynasta
632 545 775 602 terram
805 540 1056 633 aperegrinis

54 635 240 705 hostibus
259 635 408 702 fortiter
437 630 658 701 defenderet
684 633 825 704 auxilio
839 641 973 730 populi
992 644 1056 714 ad-

54 737 179 824 jutus,
243 737 342 807 Hinc
362 748 430 821 est,
458 732 559 823 quod
579 733 701 823 pr1d1e
719 735 816 826 dun
847 753 973 810 totum
987 764 1055 834 po-

55 839 203 927 pulum
231 847 412 926 exoptare
434 833 506 903 sibi
530 853 597 902 reo
573 857 672 927 ern,
700 841 874 930 prosapia
899 845 1055 914 Haraldi

54 938 297 1007 Pulcricomi
315 951 452 1005 ortum
523 939 580 1006 Ne
608 949 736 1007 autern
761 961 886 1010 meam
910 943 957 1012 de
982 945 1055 1014 hac

55 1063 104 1106 re
124 1040 351 1106 relationem
372 1047 584 1127 suspectam
600 1036 760 1124 habeas,
794 1040 879 1110 heic‘
902 1067 1054 1136 quoque

58 1162 110 1206 ex
137 1139 295 1208 consilio
320 1138 482 1207 aliorum
506 1150 663 1206 tuorum
686 1143 1055 1256 consanguineorum

57 1262 217 1308 mecum
244 1240 380 1309 adsunt
403 1239 479 1308 duo
505 1239 685 1306 avunculi
718 1241 796 1330 tui,
844 1247 988 1316 Jostein
1017 1261 1056 1316 et

57 1340 303 1412 Karlsh'ofud
372 1341 427 1409 Ut
454 1352 584 1409 autem
602 1340 741 1410 Olavus
766 1337 964 1440 cognovit,
998 1348 1054 1416 ibi

57 1443 190 1511 adesse
224 1441 523 1536 consanguineos
547 1461 652 1528 suos,
699 1463 763 1510 eos
783 1447 918 1514 arcessi
937 1449 1052 1536 jussit

58 1558 99 1612 et
115 1565 303 1640 perquam
323 1543 486 1612 comiter
500 1541 671 1631 excepit3
695 1541 831 1612 deinde
851 1548 1054 1620 consilium

57 1657 100 1712 et
127 1664 344 1712 sermonem
360 1662 449 1710 cum
467 1643 520 1710 e'is
534 1643 649 1738 simul
667 1653 705 1711 et
719 1644 890 1715 Thorere
905 1649 1052 1740 miscet,

57 1759 176 1864 atque
194 1743 240 1812 de
256 1742 442 1812 mandatis
461 1761 597 1813 eorum
614 1743 768 1834 quaerit3
801 1743 967 1818 Thorer
971 1773 1051 1821 om-

56 1839 144 1933 nia,
182 1845 389 1932 utiantea,
422 1844 522 1928 edit3
560 1845 705 1914 Jostein
732 1861 770 1914 et
794 1839 1051 1940 iraterpauca

54 1948 174 2014 uerba
189 1943 395 2032 adpetunt
420 1946 685 2014 confirmantes
704 1969 768 2036 aa,
801 1971 884 2036 quae
912 1971 1051 2020 assere-

56 2046 126 2114 bat
148 2042 338 2117 Thorer.
367 2046 475 2115 Cum
503 2067 593 2114 vero
610 2047 741 2115 verbis
768 2069 919 2117 eorum
933 2052 1051 2123 iidem

56 2147 219 2214 haberet
246 2147 406 2233 olavus,
441 2159 555 2237 atque
589 2143 666 2232 iarn
697 2159 817 2248 antea
841 2148 1052 2248 cupiditate

57 2241 289 2342 Norvegiam
326 2245 510 2316 adeundi
507 2259 737 2336 teneretur,
783 2249 859 2319 iter
892 2253 1050 2342 paravit,

58 2348 231 2439 quinque
258 2346 465 2417 instructus
502 2347 679 2432 navibus,
721 2362 759 2416 et
782 2367 870 2418 curn
893 2367 1049 2442 paratus

58 2461 178 2537 esset,
211 2471 255 2516 ex
273 2449 455 2518 Hibernia
471 2449 552 2516 vela
575 2448 697 2536 dedit,
715 2461 771 2517 'et
793 2450 839 2518 ad
865 2451 1050 2545 Sudrey'as

59 2547 282 2648 (Hebrdies)
299 2549 464 2641 indeque
482 2547 527 2616 ad
544 2550 737 2643 Orkneyas
757 2552 950 2643 (Orcades)
964 2577 1050 2622 cou-

58 2641 199 2718 tendit.
248 2655 369 2722 Eum
391 2649 669 2720 comitabuntur
691 2650 840 2724 Thorer
863 2665 926 2720 et
922 2678 1049 2725 arun
1058 2676 1061 2686 ·

60 2751 140 2820 culi
159 2749 253 2838 ejus.

72 2851 305 2943 Procopio
325 2849 547 2942 liiignvaldi
566 2823 800 2921 Moeria'rum
818 2855 1032 2944 (Ιγηαείοε.Ι

131 2949 220 3040 Cap
250 2959 300 3024 95.
341 2951 438 3020 Cum
477 2973 544 3020 rex
580 2950 764 3020 Haruldus
787 2953 1048 3026 Pulcricomus

57 3051 335 3123 Nordmaeriam
363 3071 402 3122 et
430 3051 703 3122 Raumsdalum
726 3051 796 3119 sibi
821 3053 1048 3142 subjecisset,

56 3152 270 3250 prostratis,
306 3153 371 3243 qui
396 3152 449 3222 ibi
474 3153 718 3244 imperavere,
742 3153 902 3249 regibus,
930 3154 987 3222 uti
1008 3156 1050 3226 in

56 3251 222 3320 historia
248 3254 330 3340 ejus
357 3268 551 3341 narratur,
594 3268 777 3322 autumno
811 3255 984 3346 sequenti
1007 3256 1061 3326 in=

59 3349 394 3423 Thrandheimum
411 3355 602 3444 profectus
617 3368 684 3439 est,
698 3352 877 3442 praesecto
898 3356 1048 3446 utrique

56 3453 151 3522 huic
163 3453 368 3544 provinciae
388 3452 562 3548 dynasta,
589 3454 650 3522 cui
670 3475 810 3523 nornen
827 3469 906 3522 erat
923 3458 1048 3549 Regn-

58 3553 204 3640 valdus',
228 3553 327 3623 filius
341 3545 530 3648 ¹Eysteiuis
552 3556 738 3643 Glumrse,
773 3556 839 3646 qui
860 3559 1049 3648 Rbgnval·

57 3653 128 3722 dus
153 3656 291 3724 Potens
318 3671 356 3724 et
380 3657 533 3747 Sapiens
555 3670 795 3746 nuncupatus
826 3668 900 3744 est,
947 3657 1050 3748 quod

56 3767 268 3846 utrumque
294 3768 591 3851 cognomentum
618 3757 653 3824 ei
677 3759 762 3845 jure
780 3754 898 3824 tribui
925 3756 1050 3827 visum

58 3867 126 3922 est.
181 3857 416 3950 Rbgnvaldus
438 3869 519 3926 erat
543 3858 625 3948 regi
639 3856 804 3928 Haraldo
824 3855 1055 3947 carissimus,¹

56 3952 266 4046 multisque
290 3959 428 4048 prae‘liis
458 3971 506 4025 ‘et
533 3956 841 4048 expeditionibus
867 3973 1044 4046 versatus,

60 4071 98 4124 et
123 4077 251 4150 arege
271 4061 400 4156 magni
427 4059 645 4130 aestimatus.
717 4056 958 4152 Rbgnvaldus
983 4057 1049 4154 dy-
