2554 4778
75 327 205 396 010⁵·
262 333 264 336 ·
373 405 374 408 ψ
444 318 714 371 ·-·-·-·
908 309 996 402 251

73 540 261 616 nonnulli
275 569 321 614 ex
337 539 420 628 his,
432 535 510 631 ·qui
526 532 595 604 his
605 534 646 602 in
660 531 822 606 comitiis
835 549 934 629 sunt,
947 561 1062 610 nove·

72 662 179 716 runt.
230 647 316 718 lam
330 641 459 735 sp'ero,
481 635 676 710 neminem
692 635 762 702 hac
785 634 943 710 interra
968 659 1060 730 esse,

73 746 127 814 ad
146 761 286 837 quent,
309 741 497 814 'natalium
518 735 653 804 habita⁴
663 733 827 822 ratione,
848 739 918 826 ‘ius
947 741 1059 836 regiae

75 847 282 942 dignitatis,
297 839 505 916 secundum
522 837 666 924 justum
679 835 772 932 legis
781 851 966 929 tenorem,
979 856 1059 911 tam

73 963 201 1041 prope
216 949 424 1040 pertineat,
451 944 563 1032 quam
588 936 740 1024 adme,
773 939 805 1006 ‘si
827 941 978 1012 accedat
998 965 1060 1010 vo-¹

73 1051 220 1136 luntas
242 1046 470 1140 principum
491 1036 699 1130 populique
728 1047 939 1110 consensus.
999 1041 1061 1112 Sic

75 1145 225 1220 olavus
237 1152 354 1218 finem
368 1141 516 1214 dicendi
533 1138 640 1225 fecit,
666 1153 710 1208 ut
726 1141 856 1210 omnes
875 1137 1062 1231 dolerent,

75 1251 183 1340 quod
199 1249 346 1320 tamdiu
362 1242 530 1314 miserias
550 1257 588 1310 et
605 1239 762 1310 exilium
784 1247 982 1333 perpessus
1006 1245 1061 1312 δε,

76 1367 147 1419 set.
177 1355 281 1422 Tum
301 1345 450 1418 exsilire
469 1344 604 1432 vulgus
619 1340 827 1431 populique
843 1341 1059 1429 multitudo,

76 1467 117 1520 et
132 1451 235 1522 nihil
255 1449 360 1520 aliud
374 1445 484 1528 velle,
505 1461 636 1532 quam,
664 1455 707 1508 ut
723 1442 859 1511 Olavus
876 1440 1062 1536 Tryggvii

75 1553 182 1622 filius
199 1574 266 1622 rex
283 1563 388 1619 esset.
420 1551 422 1556 '
443 1548 567 1638 Quare
593 1542 731 1610 Olavus
748 1543 932 1635 Tryggvii
948 1543 1059 1610 illius

73 1653 117 1721 in
134 1649 374 1722 his'cor'nitiis
390 1641 660 1722 universalibus
680 1663 745 1708 rex
762 1658 905 1711 creatus
921 1658 975 1712 est
995 1656 1060 1710 toss

74 1754 155 1824 tius
171 1749 299 1850 regni,
327 1756 514 1839 quantum
533 1741 719 1812 Haraldus
730 1740 988 1816 Pulcricomus
1004 1759 1060 1812 te·

74 1869 233 1934 nuerat;
262 1851 384 1920 eidem
406 1870 451 1916 ex
468 1842 597 1936 priscis
613 1841 759 1934 legibus
778 1865 938 1938 regnum
955 1843 1061 1928 adju·

76 1954 248 2024 dicatum
274 1969 347 2040 est,
373 1942 644 2040 spondentibus
665 1941 832 2030 rusticis,
865 1967 905 2012 se
938 1943 973 2013 ei
999 1967 1091 2023 co-¹

73 2057 158 2146 pias
198 2053 418 2135 tradituros,
460 2046 595 2136 quibus
620 2065 780 2139 regnum
807 2059 1061 2139 recuperaret,

74 2171 422 2244 recuperatumque
440 2147 643 2232 obtineret,
669 2166 756 2237 rege
775 2143 938 2214 vicissim
955 2147 1061 2237 leges

75 2271 115 2324 et
129 2256 217 2342 jura
234 2253 455 2346 spondente,
469 2269 583 2335 seque
602 2266 664 2314 eos
686 2243 927 2312 defensurum
944 2247 990 2314 ab
1004 2245 1062 2312 in,

73 2355 188 2446 iuriis
206 2373 243 2424 et
258 2355 453 2423 vexatione
476 2348 642 2416 liliorum
665 2343 844 2430 Hakonis,
872 2345 1060 2412 omniurn-

65 2481 153 2546 ¹que
169 2457 345 2538 aliorum,
369 2453 435 2543 qui
453 2470 588 2518 necem
599 2446 763 2536 dynastae
782 2443 971 2514 vindicare.
985 2447 1060 2513 vel⁶

74 2559 171 2626 lent.
227 2555 342 2642 Cujus
368 2552 425 2622 rei
458 2548 636 2619 meminit
661 2544 837 2618 Tliordus
862 2545 1060 2642 K'olbeinis

74 2658 181 2726 iilius
198 2657 237 2726 in
254 2653 440 2726 Eiriltiede
460 2646 649 2730 (encomio
673 2643 823 2738 Eirikil:

180 2761 215 2831 N
218 2755 409 2826 ocentium
423 2753 572 2843 fugator
582 2744 859 2816 maleficorum!

181 2856 295 2950 paulo
316 2871 399 2947 post
418 2853 539 2924 satum
560 2848 773 2920 humanum

179 2957 379 3030 Hakonem
394 2955 472 3024 vita
485 2947 676 3043 spoliavit,

77 3109 80 3114 ι
150 3124 153 3132 ,
178 3073 254 3130 sors
276 3055 477 3128 hominum
492 3046 657 3141 impellit
670 3046 716 3115 ad
732 3047 864 3119 multa.

78 3233 81 3236 ,
178 3161 347 3242 Verum,
375 3179 463 3226 cum
479 3150 584 3220 fortis
601 3148 784 3220 exercitus
800 3147 873 3218 iret

178 3261 224 3329 ab
244 3256 455 3342 occidente,
481 3250 667 3325 advenisse
688 3249 796 3318 credo

178 3359 304 3428 filium
322 3354 504 3449 Tryggvii
518 3349 563 3420 ad
581 3349 793 3444 regionem,
822 3373 935 3440 quam

180 3461 356 3528 columen
370 3453 466 3526 scuti
483 3447 615 3545 proelio
631 3449 840 3544 subtegerat
852 3461 880 3518 ¹.

75 3563 401 3660 mro)
419 3583 520 3650 meins)
538 3610 554 3620 -
571 3581 710 3651 vurgaull
742 3581 801 3632 litlu
827 3577 901 3630 εἶδαν
922 3582 967 3631 brai
987 3579 1060 3652 ljo'd'a

77 3689 111 3739 Isn
119 3687 153 3756 β)
171 3682 216 3752 oefi
231 3679 374 3742 Ilrilonor5
390 3693 484 3728 launna
499 3673 560 3742 skb'p
569 3671 637 3742 sy'sa
653 3673 782 3739 ntorgso).
801 3673 849 3734 En,
863 3671 902 3736 ῥά
916 3691 943 3722 er
957 3673 1060 3725 hraustr
1129 3669 1132 3676 ¹

76 3779 135 3829 herr
159 3778 188 3844 d)
204 3773 254 3844 sdr
287 3785 391 3834 vestan,
420 3764 532 3838 hyggelt
559 3783 604 3812 son
635 3763 758 3831 Tryggva
790 3761 914 3830 dommi
938 3763 972 3816 til
996 3768 1058 3830 hess

77 3869 162 3932 lande,
184 3885 210 3915 er
229 3863 315 3916 lindar
331 3859 446 3930 laidstofr
458 3861 487 3928 y)
506 3852 588 3925 hasdi
605 3855 675 3924 uegit
674 3851 723 3922 s)
760 3850 842 3904 Abest
858 3847 925 3920 in'S3
944 3867 1013 3906 extat
1029 3857 1059 3905 in

77 3961 145 4012 Illis.
165 3959 200 4010 Ο.
216 3959 264 4008 Tr.
287 3953 332 4018 S.,
347 3951 377 4006 C.
396 3953 446 4016 57,
465 3961 490 4000 et
503 3947 532 3998 in
552 3945 598 3998 Sk.
616 3947 660 4010 11,
677 3961 705 4012 p·
726 3942 754 3997 4.
1053 3961 1054 3966 ’

111 4055 142 4119 a)
160 4053 199 4102 sic
225 4038 544 4115 12,11kr3r0mm2·r,A‚
573 4049 655 4088 metro
687 4037 852 4100 adversante,
884 4037 956 4090 salvo
972 4050 1059 4096 tamen

77 4161 173 4210 sensu3
196 4160 256 4193 nam
274 4119 440 4194 meinremms'r
457 4152 558 4204 vorge,
577 4141 614 4184 est
634 4131 672 4195 is,
693 4133 740 4201 qui
756 4129 854 4181 malum
871 4141 962 4199 auget,
980 4125 1059 4182 infert
