2534 4778
84 294 290 360 croi-102.
453 293 724 342 -Η
918 282 1006 370 ‘³37

916 342 946 368 ἡ

83 525 156 576 vos
168 504 259 576 hinc
274 500 449 588 auferte,
462 517 529 571 aut
544 525 741 595 nunquam
759 504 913 578 delebili
934 524 1067 576 contu·
1132 503 1135 512 ¹

83 606 218 676 meliae
232 607 450 676 maculavos
467 627 554 672 mox
564 603 735 697 adspergi
743 608 947 696 patiamini.
975 610 1067 680 Mis-

84 707 144 794 si,
168 731 209 776 re
223 709 275 776 sic
294 718 396 802 gesta
412 703 535 773 redire
550 705 781 776 tutissimum
806 708 990 793 arbitrati,
1023 727 1068 778 ut

82 809 138 876 ad
156 807 351 902 dynastam
367 820 611 894 revenerunt,
643 807 699 876 rei
720 807 862 876 exitum
886 832 1067 900 exposue-
1101 853 1103 858 ι

82 924 192 978 runt.
247 909 392 1004 Quibus
409 906 581 1000 dynasta:
601 928 752 998 prorsus
767 908 902 976 eodem
913 909 1068 984 locores

82 1009 283 1102 Brynjolvi
308 1007 396 1095 erit,
432 1009 584 1076 emittet
603 1009 826 1096 mulierem,
862 1024 926 1078 aut
949 1011 1068 1080 inter-

81 1111 209 1178 fectus
227 1107 375 1196 jacebit.
417 1109 564 1180 Deinde
581 1131 755 1203 magnam
771 1131 923 1180 manum
942 1111 1067 1206 misit3

83 1212 156 1299 qui
176 1233 263 1278 cum
278 1211 318 1278 in
332 1208 461 1278 villam
476 1208 668 1301 Brynjolvi
680 1207 878 1298 venissent,
894 1212 1069 1280 mandata

84 1311 257 1402 dynastae
301 1325 505 1399 exponunt.
579 1310 799 1400 Brynjolvus
836 1311 1065 1401 respondet:

84 1410 270 1478 credibile
296 1425 373 1497 est,
405 1434 465 1480 me
496 1411 566 1480 hac
589 1411 670 1478 vice
697 1411 801 1480 vobis
823 1434 901 1480 esse
927 1413 1068 1480 viribus

81 1511 293 1600 imparem,
318 1511 401 1580 fieri
417 1526 546 1582 tamen
561 1523 706 1600 potest,
738 1525 783 1580 ut
810 1511 965 1604 dynasta
988 1529 1069 1580 tan-

84 1611 178 1680 dem
202 1633 271 1701 pro
298 1634 365 1680 sua
385 1612 610 1702 impotentia
633 1625 671 1678 et
690 1612 797 1680 fectis
819 1610 969 1682 nefariis
988 1612 1068 1706 dig-

82 1735 179 1780 narn
193 1711 331 1780 referat
346 1713 594 1803 ignominiam
613 1725 650 1778 et
665 1712 870 1780 infamiam.
907 1712 974 1784 His
990 1713 1065 1780 dic-

83 1813 140 1880 tis
161 1812 302 1900 exsilit,
336 1836 437 1882 arma
452 1836 517 1882 sua
533 1826 571 1882 et
585 1813 662 1880 tela
680 1813 798 1902 capit,
829 1813 957 1901 iraque
987 1815 1071 1901 ple-

80 1935 162 1980 nus
179 1914 275 1994 abir,
298 1912 402 1982 missi
419 1927 545 1982 autem
561 1932 716 1982 uxorem
728 1913 773 1980 ad
792 1912 985 2002 dynastam
1002 1915 1067 1981 ab·

85 2013 291 2082 duxerunt.
342 2013 576 2102 Brynjolsus,
594 2035 734 2104 pagum
751 2015 984 2100 circumiens,
1004 2035 1066 2078 co-

83 2115 199 2184 lonos
226 2113 461 2202 convocavit,
504 2115 624 2204 iisque
648 2137 797 2183 causam
820 2135 925 2180 suam
953 2135 1066 2202 expo-

83 2215 183 2303 suit,
217 2237 365 2304 quaque
391 2236 431 2282 se
453 2215 682 2284 contumelia
699 2214 852 2307 dynasta
871 2214 1064 2282 affecisset.

83 2319 202 2386 Nunc
223 2335 316 2406 rogo
335 2337 496 2406 oroque,
522 2315 657 2404 inquit,
675 2331 720 2382 ut
734 2314 857 2404 copias
875 2335 1065 2405 cogamus,

85 2415 285 2504 dynastam
297 2417 568 2510 aggrediamur,
587 2438 674 2484 cum
690 2437 736 2484 eo
749 2415 990 2508 confligamus
1002 2429 1070 2482 aut

86 2539 180 2584 eum
205 2515 246 2584 in
268 2517 407 2586 aedibus
432 2537 733 2596 concrememus;
771 2515 936 2583 maximo
964 2515 1067 2584 enim

88 2615 266 2684 dedecori
283 2617 390 2694 nobis
410 2629 485 2704 est,
510 2615 541 2685 si
558 2629 703 2684 tantam
718 2615 901 2682 malitiam
924 2615 968 2682 ab
998 2639 1065 2682 no-

85 2716 146 2784 tis
162 2717 351 2807 depellere
364 2740 442 2786 non
459 2716 650 2786 audemus.
704 2715 782 2788 Etsi
800 2738 887 2784 vero
904 2739 969 2782 me
980 2739 1066 2782 mea

87 2818 322 2888 contumelia
339 2817 512 2909 proxime
526 2817 669 2909 tangit,
695 2831 825 2884 tamen
841 2838 959 2907 prope
981 2815 1066 2884 ade-

86 2917 151 3004 rit,
173 2919 245 2986 nisi
262 2918 350 2988 huic
367 2920 467 2988 malo
482 2939 679 2988 occursum
702 2916 836 3003 fuerit,
870 2917 1066 3004 cumplu-

87 3040 152 3086 res
184 3017 230 3084 de
263 3020 394 3088 eadem
421 3018 573 3088 fortuna
594 3017 829 3108 querendum
846 3016 1063 3101 nabebunt,

85 3132 250 3207 tumque
273 3118 369 3188 forte
390 3121 631 3188 invenientur
652 3116 769 3207 aliqui
801 3134 879 3184 tem
908 3115 1066 3202 strenui,

86 3232 135 3286 ut
151 3220 320 3309 quamvis
336 3219 500 3312 dynastas
526 3219 796 3288 contumeliam
821 3215 899 3306 pati
927 3217 1064 3304 nolint,

88 3318 160 3388 etsi
177 3320 253 3404 jam
270 3321 467 3389 subvenire
486 3343 579 3390 meae
600 3317 813 3388 necessitati
836 3317 1065 3386 detrectetis,

89 3421 232 3488 Omnes
252 3421 387 3508 coloni,
416 3420 481 3510 qui
498 3443 542 3488 eo
563 3432 831 3506 convenerant,
857 3417 1066 3486 orationem

85 3519 281 3611 Brynjolvi
293 3519 454 3589 secunda
471 3520 737 3590 acclamatione
754 3532 994 3609 exceperunt,
1013 3517 1067 3586 di-

88 3633 235 3706 centes,
266 3620 356 3690 forti
368 3623 447 3688 viro
473 3621 605 3709 utique
623 3619 783 3689 dandam
801 3623 879 3692 esse
902 3619 1066 3706 veniam,

88 3720 123 3788 si
145 3719 236 3788 talia
261 3720 303 3790 in
326 3743 462 3816 magno
485 3733 644 3810 poneret
673 3718 898 3791 discrimine.
961 3723 1064 3792 Tum

86 3843 209 3912 prope
223 3820 366 3892 factum
382 3837 449 3910 est,
474 3836 517 3890 ut
533 3820 868 3890 tumultuarentur.
1082 3909 1083 3913 Ἰ

141 3922 230 4013 Cap.
251 3931 322 3994 102.
350 3925 442 3994 Post
468 3922 582 4013 paulo
600 3917 736 3990 Hakon
761 3919 917 4010 dynasta
939 3918 1067 3988 conri-

86 4023 148 4090 vio
167 4020 374 4090 interfuit
362 4047 405 4094 in
424 4020 671 4107 Gaularda10‚
702 4020 842 4110 praedio
863 4019 1064 4092 Medalhu·

86 4123 136 4190 sis
153 4123 265 4208 dicto,
283 4147 397 4192 naves
411 4138 539 4192 autern
558 4123 639 4208 ejus
659 4121 707 4192 ad
718 4121 892 4232 Viggjatn
907 4119 1062 4190 stabant.

84 4223 375 4318 OrmusLyrgja
392 4246 532 4293 nomen
547 4238 626 4291 erat
639 4221 719 4291 viro
737 4220 897 4312 potenti,
922 4219 1064 4313 praedio
