2526 4782
274 279 361 377 124
557 303 829 364 m
1010 295 1193 366 ,aaa

212 537 290 584 rem
304 535 342 579 se
352 505 559 602 professus3
584 506 650 598 qui
665 507 768 595 mihi,
792 523 977 600 quantum
991 509 1196 579 intellectu

214 611 394 702 consequi
412 631 579 698 possum,
600 631 667 678 rex
684 609 846 680 bellator
866 610 1020 702 insignis
1045 609 1196 677 fortitu-

214 712 311 782 dinis
331 709 496 796 videtur,
520 731 645 798 neque
679 732 909 801 quemquam
931 709 1008 780 vidi
1023 709 1106 802 pari
1123 708 1197 776 for·

213 835 276 882 ma
298 826 337 880 et
356 811 485 878 vultus
500 807 701 901 dignitate,
729 813 847 878 oculis
864 809 964 878 enim
982 825 1038 878 est
1052 809 1196 900 pulcris

215 926 253 982 et
268 910 428 1004 argutis,
455 921 599 978 statura
614 931 759 1003 magna,
784 923 943 1000 totoque
967 929 1125 1000 corpore
1143 923 1196 976 ta-

214 1013 260 1084 lis
278 1008 543 1101 pulcritudinis
562 1023 599 1078 et
614 1011 746 1078 nativae
763 1011 916 1098 formae,
955 1011 1110 1099 qualem
1126 1008 1198 1076 sibi

216 1108 550 1183 excellentissimus
589 1108 747 1200 quisque
780 1109 974 1201 optaverit
1039 1109 1196 1204 Regina,

214 1211 380 1304 probatis
395 1209 581 1296 omnibus,
596 1233 679 1300 quae
695 1210 839 1280 dixerat
855 1209 984 1296 Dixin,
1004 1207 1133 1299 ipsum
1150 1207 1199 1276 ad

215 1334 328 1384 naves
345 1331 431 1378 curn
453 1309 638 1378 mandatis
655 1310 767 1380 misit.
821 1314 905 1403 Quo
920 1333 1006 1378 cum
1022 1309 1196 1393 venisset,

214 1432 345 1502 regem
366 1407 525 1478 olavum
549 1411 793 1498 conveniens,
826 1410 878 1480 sic
903 1409 1091 1500 loquitur:
1131 1431 1197 1477 no·
1245 1396 1246 1470 l

214 1527 300 1582 tum
317 1521 386 1595 est,
409 1508 639 1601 huicregno,
662 1511 769 1596 cujus
784 1509 971 1578 littoribus
986 1508 1197 1598 appulistis,
1246 1484 1247 1562 l

216 1613 402 1700 imperare
421 1609 610 1702 reginam,
637 1610 790 1680 nomine
810 1611 981 1694 Geiram,
1006 1609 1126 1678 filiam
1141 1632 1199 1676 re·

217 1711 274 1804 gis
291 1709 494 1787 Burizlavi;
521 1733 603 1799 quae
626 1731 713 1780 cum
739 1710 939 1796 audiverit,
974 1731 1039 1777 vos
1063 1722 1198 1800 pacate
1248 1719 1250 1796 ³,

217 1809 417 1903 proticisci,
439 1831 564 1900 neque
578 1831 737 1904 regnum
747 1833 856 1880 suum
867 1809 1006 1900 rapinis
1022 1811 1197 1878 autbello
1250 1838 1251 1870 t

217 1909 416 1996 infestare,
443 1931 487 1978 eo
504 1910 660 1982 consilio
685 1909 732 1984 ad
747 1931 811 1978 vos
829 1911 952 1996 misit,
986 1921 1029 1978 ut
1045 1922 1096 1992 te,
1119 1931 1198 1978 om·
1251 1926 1252 1946 ¹

216 2031 360 2099 nosque
379 2007 504 2097 copias
522 2021 615 2098 tuas,
637 2009 813 2083 invitaret
830 2011 873 2080 ad
894 2010 1141 2080 hiemandum
1158 2007 1200 2075 in

218 2110 333 2198 hujus
345 2108 451 2204 regni
468 2109 563 2178 urbe
577 2109 789 2200 principali,
816 2111 881 2180 ubi
897 2111 976 2200 ipsa
992 2132 1080 2178 cum
1097 2107 1199 2199 prin-

220 2209 363 2299 cipibus
378 2206 455 2278 suis
474 2221 512 2280 et
527 2209 659 2282 aulicis
670 2210 888 2280 cohortibus
898 2209 1091 2292 considet,
1114 2231 1199 2299 pro—

220 2307 331 2380 cessit
347 2306 450 2376 enim
466 2322 586 2397 aestas,
610 2309 863 2400 imminetque
882 2311 973 2381 dura
990 2323 1028 2380 et
1045 2323 1199 2378 ventosa

220 2421 434 2498 tempestas
497 2408 627 2478 Oblata
647 2431 712 2478 rex
738 2411 878 2480 Olavus
902 2411 1011 2480 laetus
1033 2409 1198 2500 accepit5

222 2508 370 2596 deinde,
388 2507 583 2580 subductis
600 2510 757 2581 navibus
776 2525 814 2579 et
830 2511 1030 2605 diligenter
1048 2532 1200 2599 compo-

220 2607 317 2696 sitis,
344 2608 566 2698 traditisque
578 2609 620 2676 in
635 2609 842 2679 custodiam
861 2611 1006 2682 Dixinis
1027 2609 1199 2684 consilia·

221 2708 271 2776 rii
304 2709 546 2776 armamentis
578 2708 789 2800 ceterisque
816 2710 1117 2802 impedimentis,
1155 2709 1200 2778 ad

221 2809 357 2878 urbem
376 2829 415 2876 se
432 2808 694 2894 contulerunt,
723 2833 816 2902 quos
836 2811 962 2908 regina
977 2833 1126 2885 summa
1141 2831 1200 2878 co·

221 2909 354 2976 mitate
379 2922 417 2975 et
445 2907 707 2980 benevolentia
734 2911 895 3001 excepit;
944 2909 1006 2980 hic
1032 2910 1200 2982 hiemem

220 3021 506 3100 transegerunt,
540 3009 642 3078 laute
660 3025 698 3078 et
709 3011 918 3080 honorifice
936 3009 1065 3080 habiti.
1114 3013 1200 3086 Rex

224 3108 359 3176 Olavus
374 3121 412 3174 et
421 3107 696 3202 reginasaepius
710 3133 901 3182 sermones
918 3125 1201 3198 conseruerunt,

224 3221 263 3282 et
284 3207 394 3276 alteri
409 3209 537 3278 alteris
561 3209 658 3278 bene
674 3212 907 3300 placuerunt.
963 3213 1043 3280 Hac
1072 3212 1201 3281 hieme

222 3329 289 3376 rex
319 3307 456 3378 Olavus
484 3307 638 3380 Geiram
665 3311 835 3402 reginam
862 3333 1022 3380 uxorem
1044 3311 1199 3400 petivit3

224 3430 298 3496 qua
313 3406 359 3473 de
372 3429 412 3474 re
428 3429 515 3476 cum
525 3407 572 3476 ad
584 3408 776 3498 Dixinem,
789 3412 1066 3480 consiliatorem
1075 3433 1200 3500 suum,

225 3524 443 3598 ceterosque
461 3522 635 3603 cognatos
651 3523 690 3578 et
705 3512 863 3600 amicos,
885 3510 1088 3598 retulisset,
1121 3535 1201 3580 om-

223 3630 290 3676 nes
315 3617 404 3676 uuo'
419 3629 484 3678 ore
511 3609 797 3700 confirmabant,
829 3613 925 3680 hanc
943 3611 1202 3684 conditionem

222 3705 642 3779 honorificentissimam
658 3731 759 3792 esse;
790 3726 953 3780 testante
968 3713 1128 3799 Dixine,
1161 3711 1201 3781 id

225 3805 326 3895 quod
343 3829 480 3874 verum
497 3807 581 3896 luit,
604 3809 779 3880 omnibus
797 3811 908 3879 rebus
930 3813 1021 3896 ejus,
1039 3833 1202 3881 necnon

224 3905 399 3994 imperio,
418 3904 458 3974 id
478 3909 642 3977 maximo
657 3911 825 3998 praesidio
843 3911 936 3997 fore,
958 3911 1080 3979 sitam
1099 3935 1201 4003 egre·

225 4005 308 4104 gius
319 4005 506 4096 princeps,
531 4010 727 4097 qualisrex
741 4011 880 4078 Olavus
895 4011 979 4098 luit,
1005 4013 1058 4080 ibi
1073 4013 1200 4079 sedem

194 4151 198 4162 ·
225 4109 341 4205 sigere
359 4119 397 4176 et
414 4129 459 4178 eo
478 4107 564 4178 loco
581 4109 818 4204 acquiescere
840 4113 965 4185 vellet.
1003 4116 1127 4210 Quare
1145 4135 1199 4182 ra·
