2534 4778
302 261 396 378 150
589 299 862 368 -...-..-·=.·
1121 299 1159 361 c.
1174 296 1227 367 ιο.

243 538 379 588 usuros
395 526 433 586 et
446 511 653 603 habituros,
671 537 754 606 que
772 509 929 591 consilia
947 511 1105 586 daturus
1127 537 1222 585 sum.

243 616 392 690 Annuit
408 616 635 704 imperator,
661 627 879 685 annuerunt
896 637 1046 706 omnes,
1072 639 1113 686 se
1140 637 1225 684 con-

189 752 193 758 ·
245 719 343 807 silio,
369 714 472 810 quod
494 707 600 784 daret
622 715 741 805 Olins,
767 739 914 787 usuros.
967 717 1071 788 Tum
1097 715 1251 788 Oliuss

243 820 414 912 primum
423 840 555 886 meum
572 815 773 886 consilium
791 833 857 905 est,
872 832 916 887 ut
931 815 1022 888 inde
1039 817 1227 888 auxilium

243 919 395 1014 petatis,
416 916 483 986 ubi
500 917 633 1000 auxilii
647 919 755 1009 copia
771 934 839 1003 est,
867 919 1065 1012 omnisque
1083 918 1226 988 exerci-

243 1035 308 1091 tus
333 1036 411 1090 tres
432 1032 563 1088 noctes
588 1031 626 1087 et
647 1031 723 1106 ¹tres
748 1018 827 1088 dies
849 1020 1016 1111 jejunet,
1053 1034 1099 1090 ut
1124 1018 1226 1105 deus,
1251 1018 1252 1028 ’

136 1205 139 1215 ¹
246 1120 315 1213 qui
331 1141 534 1190 aesomnes
550 1121 706 1210 creavit,
739 1119 939 1189 victoriam
960 1144 1006 1190 ex
1023 1119 1142 1192 Dani's
1161 1139 1227 1186 no-

244 1221 303 1290 bis
321 1219 521 1310 concedat,
547 1243 689 1311 vosque
708 1219 824 1290 faciat
842 1221 1030 1292 mandatis
1053 1221 1131 1290 suis
1144 1241 1253 1310 per·

244 1319 375 1422 fungi,
411 1343 495 1412 quae
515 1322 753 1410 exsequenda
772 1321 942 1407 habetis;
977 1321 1115 1391 deinde
1130 1319 1253 1406 volo,

245 1435 294 1491 ut
311 1444 442 1492 omnes
453 1419 619 1492 milites
608 1443 650 1492 tn
663 1421 819 1516 sylvam,
831 1425 1071 1493 munimento
1081 1420 1224 1492 Danico

245 1525 480 1637 proximam,
526 1537 633 1614 eant,
674 1538 954 1594 sarmentorum
984 1522 1128 1593 fascem
1160 1519 1254 1588 sibi

247 1624 409 1716 quisque
433 1622 598 1712 cadant,
645 1638 685 1693 et
707 1624 756 1694 ad
777 1625 1063 1695 munimentum
1095 1643 1225 1714 appor-

246 1739 353 1808 tent3
380 1747 456 1816 quo
473 1723 592 1811 facto,
615 1725 707 1816 quid
730 1727 923 1816 optimum
938 1727 1039 1796 lactu
1060 1724 1130 1811 sit,
1158 1722 1226 1790 dis-

246 1826 445 1917 piciamus,
507 1825 637 1896 Oratio
661 1826 738 1895 Olii
758 1826 934 1896 omnium
959 1824 1225 1896 acclamatione

246 1925 511 2016 comprobata,
544 1928 689 1995 cunctis
704 1926 897 1999 militibus
928 1927 1002 1997 hoc
1026 1923 1226 1996 consilium

245 2025 497 2097 laudantibus.
549 2025 676 2097 Primo
707 2049 818 2096 mane
851 2027 1044 2120 sequentis
1078 2021 1200 2094 diei
1189 2044 1226 2089 111

246 2125 421 2219 sylvam
411 2125 659 2218 rtum31igna
677 2147 760 2196 sero
777 2151 934 2219 vespere
948 2128 996 2198 ad
1012 2125 1256 2196 munimen

248 2240 334 2298 tum
350 2239 558 2340 apportata.
610 2227 798 2310 Postridie
809 2230 917 2300 Olius
934 2227 1227 2298 hancrationem

247 2325 433 2402 instituit:
451 2325 606 2416 capiunt
626 2327 779 2416 omnia,
787 2353 872 2421 quae
887 2349 1108 2444 comparare
1126 2340 1257 2438 pote,

248 2445 352 2514 rant,
378 2447 463 2496 vasa
478 2426 658 2542 aquaria,
682 2451 803 2542 eaque
823 2429 1008 2500 assulis
970 2453 1074 2523 prce
1073 2376 1257 2496 dalibu

246 2528 297 2598 tis
321 2526 533 2619 complent,
575 2541 614 2596 et
639 2528 698 2600 in
708 2553 793 2603 eam
823 2554 906 2601 rem
932 2539 1127 2601 tormenta
1157 2527 1227 2596 sive

248 2627 437 2702 ballistast
462 2643 653 2719 apparant.
716 2633 770 2701 Ut
792 2631 867 2701 alia
892 2648 1107 2720 taceamus,
1150 2649 1226 2718 qua

248 2726 403 2800 facere
392 2728 659 2819 instituerunt,
692 2731 863 2802 militum
894 2729 1093 2818 nonnulli,
1126 2729 1227 2816 jussu

251 2827 347 2917 Olii,
373 2827 672 2918 munimentum,
690 2855 796 2954 ’qua
794 2832 975 2902 facillime
991 2829 1119 2922 potuit
1139 2825 1228 2900 adiri

250 2928 337 3000 telis
361 2941 400 2996 et
415 2929 588 3020 lapidum
614 2911 796 3018 conjectu
817 2944 1153 3042 oppugnaverunt3
1177 2928 1228 2996 in-

249 3027 376 3102 terdiu
389 3050 480 3103 vero
498 3030 785 3102 munimentum
799 3055 1019 3131 oppugnare
1036 3043 1228 3122 nonpotu·

251 3141 373 3217 erunt,
387 3128 631 3218 quodHakon
642 3131 799 3226 dynasta
813 3134 1041 3228 digrediens,
1050 3152 1228 3226 magnum

249 3227 421 3300 militum
437 3252 644 3302 numerum
659 3234 836 3303 omnibus
853 3234 1055 3304 castellis
1043 3253 1228 3324 tmposue-

250 3339 321 3415 rat,
331 3328 397 3419 qui
408 3331 694 3404 munimentum
708 3333 1013 3424 defenderent,
984 3357 1016 3404 si
1034 3332 1134 3404 forte
1149 3333 1228 3400 hos·

249 3441 318 3500 tes
325 3441 620 3503 reverterentur.
676 3435 765 3504 Sero
781 3457 936 3552 vespere
953 3435 1127 3504 milites
1115 3455 1228 3524 tmpe-

249 3527 405 3617 rasoris,
426 3528 531 3617 jussu
550 3533 686 3622 Olii,
675 3557 803 3630 ignem
819 3537 962 3607 invasa
978 3536 1130 3626 aquaria
1149 3555 1229 3626 con-

247 3629 434 3720 jecerunt,
461 3653 580 3722 eaque
593 3635 644 3706 ad
659 3637 943 3708 munimentum
958 3639 1228 3706 contorserunt.

250 3727 363 3801 Assul
365 3753 407 3818 aa,
429 3731 514 3821 pice
538 3735 676 3826 oblitae,
697 3737 803 3807 brevi
819 3739 1120 3832 conflagrarunt3
1145 3755 1228 3804 mox

250 3828 446 3899 flammam
464 3854 510 3898 ex
525 3836 620 3904 vasis
636 3852 904 3929 erumpentem
925 3852 1134 3925 sarmenta,
1164 3833 1227 3904 sub

250 3928 537 4004 munimentum
555 3953 748 4031 congesta,
776 3953 1042 4031 conceperunt.
1098 3941 1228 4009 Fuerat

251 4026 327 4102 hoc
352 4029 413 4105 die
439 4039 502 4100 adr
527 4037 756 4127 tranquillus
772 4055 809 4108 et
824 4063 991 4132 serenus,
1019 4041 1089 4110 sub
1106 4058 1227 4128 vespe·

294 4159 327 4235 Ι)
347 4162 504 4238 valaliingyr,
523 4165 728 4242 (proalaungur)
742 4169 780 4224 id.
801 4167 832 4236 C,
852 4171 882 4237 F,
901 4171 930 4223 S.
