2554 4778
290 281 382 386 244
577 298 846 374 ====
1082 297 1122 372 ¹o
1140 293 1210 359 tor.

227 509 476 584 timidissimis
493 507 666 590 habitus:
699 527 800 574 nunc
815 529 904 576 vero
922 527 1053 597 pavor,
1088 505 1213 596 qualis

229 631 315 688 ante
331 633 545 701 nunquam,
582 608 673 676 adeo
689 629 755 676 cor
769 607 1126 704 meumxcorripuit,
1170 623 1213 676 ut

229 717 386 786 animus·
404 733 511 794 meus
537 706 788 778 sollicitudine
814 721 852 774 et
874 707 1012 778 timore
1035 708 1213 776 terribili-

227 820 300 886 bus
318 816 398 900 ejus
415 810 540 880 verbis
556 809 772 898 impleatur.
798 811 982 900 Dynasta
1000 810 1047 878 ad
1062 832 1213 878 servum

228 917 442 1005 respiciens,
467 933 555 980 cum
569 910 731 994 videret,
757 910 907 978 vultum
924 909 1115 978 etfaciam
1134 912 1213 994 ejus

229 1017 335 1084 valde
360 1016 591 1107 nigrescere,
630 1010 871 1098 coloremque
905 1009 1061 1096 mutari,
1108 1031 1213 1078 servo

228 1117 417 1206 loquitur:
445 1113 535 1204 quid
550 1133 653 1180 nunc
671 1108 748 1178 est?
783 1132 850 1178 cur
868 1109 960 1178 adeo
979 1110 1145 1202 pallidus
1163 1133 1213 1198 es,-

231 1216 390 1286 snbinde
412 1237 498 1282 vero
518 1229 627 1280 terrae
641 1212 757 1292 instar
778 1209 907 1304 niger?
934 1226 1059 1298 estne,
1092 1229 1136 1282 ut
1154 1235 1214 1280 me

229 1306 519 1409 prodere-ielis?
545 1312 687 1382 Karkus
701 1311 913 1400 respondet:
935 1325 1099 1396 nonest:
1120 1311 1214 1380 illud

230 1441 319 1486 vero
338 1417 408 1484 tibi
434 1416 576 1484 mirum
601 1411 718 1482 videri
748 1435 825 1482 non
852 1411 986 1500 debet,
1014 1437 1077 1482 me
1101 1416 1214 1482 verba

230 1519 345 1602 hujus
364 1515 529 1584 hominis
547 1535 622 1582 non
638 1512 764 1582 minus
783 1525 976 1600 metuere,
1020 1537 1133 1604 quam
1160 1527 1210 1580 tu.

231 1623 400 1709 Dynasta
417 1618 486 1694 ait:
512 1625 592 1686 esse
606 1611 759 1702 quidem
775 1625 921 1703 potest,
953 1637 1000 1696 eo
1021 1613 1124 1704 quod
1142 1638 1213 1683 una

232 1720 294 1786 die
308 1717 388 1786 neti
409 1739 556 1801 sumus,
584 1727 623 1782 et
639 1737 797 1804 pervum
815 1735 965 1803 quoque
979 1713 1080 1784 inter
1091 1737 1213 1785 meam

231 1835 413 1907 tuamque
441 1833 602 1886 mortem
636 1813 819 1903 temporis
850 1815 1095 1890 intervallum
1131 1815 1212 1882 erit.

232 1924 352 1990 Nocte
375 1919 519 2002 oborta,
538 1915 646 1984 ambo
668 1933 744 1992 una
763 1932 979 2002 coenarunt,
1015 1929 1053 1984 et
1077 1937 1123 1984 ex
1142 1938 1213 1982 uno

231 2043 315 2088 vase
334 2019 518 2087 biberunt.
571 2017 650 2086 Hac
662 2028 773 2086 nocte
789 2014 942 2104 dynasta
960 2037 1093 2092 somno
1108 2015 1215 2086 absti-

231 2119 336 2206 nuit,
369 2118 470 2207 quod
494 2140 600 2186 servo
620 2116 718 2194 mate
736 2115 915 2202 credidit,
942 2117 1085 2186 Karkus
1112 2138 1214 2202 vero,

233 2220 309 2286 alto
327 2217 548 2307 diutinoque
561 2238 696 2286 somno
713 2236 924 2304 oppressus,
958 2217 1113 2286 tandem
1142 2215 1215 2284 evi·
1260 2243 1261 2296 p

233 2317 383 2410 gilavit,
418 2317 689 2410 dynastamque
708 2315 859 2410 vigilem
877 2317 1002 2400 sensit.
1072 2318 1215 2393 Karkus
1260 2299 1261 2365 i

232 2417 423 2508 loquitur:
448 2416 801 2504 iterum-somniavi,
825 2415 1004 2488 domine!
1033 2417 1105 2486 visi
1122 2416 1215 2486 mihi

147 2520 151 2530 “
232 2543 300 2586 nos
320 2520 429 2586 ambo
447 2537 578 2588 sumus
594 2539 667 2586 una
684 2515 769 2584 vehi
789 2539 902 2602 neve,
927 2535 1042 2609 quam
1059 2539 1129 2612 ego
1148 2538 1214 2607 gu:

231 2620 440 2688 bernarem.
502 2621 688 2710 Dynasta:
724 2637 814 2709 ergo
832 2618 916 2686 vitae
934 2631 1107 2688 nostrum
1124 2617 1214 2688 utri:
1259 2699 1260 2704 ἵ

203 2751 205 2756 ·
231 2743 351 2808 usque
370 2715 620 2799 arbitereris3
648 2730 686 2788 at
700 2729 743 2814 tu
766 2717 859 2786 mihi
874 2717 970 2788 fidus
986 2718 1051 2806 sis,
1075 2733 1119 2786 ut
1140 2739 1214 2786 esse
1259 2717 1260 2771 i

233 2821 356 2907 debes,
383 2819 504 2906 cujus,
532 2841 619 2888 cum
634 2817 705 2888 alia
725 2817 878 2888 venient
895 2832 1086 2908 tempora,
1117 2818 1214 2886 fruc-

231 2934 316 2988 tum
338 2944 359 2988 a
376 2937 436 2990 me
452 2920 559 2988 feres.
619 2920 761 2988 Karkus
776 2917 917 2991 iterum
934 2918 1163 2998 obdormivit
1179 2931 1215 2985 et

231 3021 428 3088 insomniis
467 3020 700 3110 inquietatus
726 3034 798 3100 est:
830 3034 1096 3109 experrectum
1129 3041 1213 3088 vero
1258 3103 1259 3110 ἵ

233 3121 407 3212 dynasta,
440 3121 531 3210 qnid
551 3119 792 3204 somniasset,
824 3119 1103 3213 interrogavit.¹
1149 3121 1214 3190 ille
1258 3153 1259 3156 ¹

232 3221 450 3309 respondet:
480 3221 610 3294 Hladis
625 3243 727 3290 nunc
744 3219 812 3306 ¹sui,
832 3221 899 3296 nbi
915 3223 1053 3290 Oiavus
1071 3225 1214 3314 Trygg-

231 3321 281 3387 vii
298 3321 398 3390 filins
415 3323 557 3393 col-lum
575 3343 705 3392 meum
724 3333 859 3409 torque
875 3345 988 3390 aurea
1005 3319 1215 3391 circumde-

233 3420 299 3508 dit,
325 3435 362 3488 et
381 3441 561 3510 preterea
575 3440 637 3490 me
653 3439 788 3511 magno
808 3445 905 3511 equo
923 3421 1084 3492 donavit.
1141 3425 1214 3512 Dyr

231 3536 335 3590 nasta
350 3521 559 3612 respondit:
588 3521 733 3592 scilicet
754 3521 892 3592 Olavus
917 3522 1125 3618 sanguineo
1146 3523 1213 3590 cir·
1257 3573 1258 3576 ,

232 3625 319 3690 culo
339 3624 483 3694 collum
497 3636 609 3692 tuum
627 3621 893 3710 circumdabit,
927 3622 956 3693 si
973 3623 1019 3692 nd
1045 3646 1136 3692 eum
1157 3646 1214 3690 ve·

231 3722 334 3810 nies3
365 3724 417 3790 ita
442 3725 512 3792 tibi
536 3745 643 3807 aare,
690 3722 795 3813 quasi
822 3739 860 3790 te
884 3723 1138 3794 decollaturus
1156 3725 1213 3809 sit,

231 3845 356 3912 neque
374 3845 461 3892 vero
478 3823 647 3894 absimile
664 3839 740 3909 est,
773 3845 861 3892 eurn
874 3839 912 3892 te
931 3823 1066 3892 deinde
1086 3841 1214 3890 contn-

230 3922 356 3990 meliae
374 3944 463 4016 ergo
486 3937 776 4012 suspensurum,
813 3923 929 3992 etita
954 3923 1024 3992 tibi
1049 3933 1210 4013 equum¹
1256 3941 1257 3995 3

273 4057 307 4119 ¹)
326 4052 474 4103 Paululum
494 4019 565 4102 enini
592 4055 695 4122 pontice
718 4051 815 4103 dicitur
838 4055 906 4105 lustr
933 4051 1083 4124 Hagbnrds
1105 4065 1132 4105 et
1150 4053 1214 4102 hesir

233 4145 334 4216 Sigara,
352 4144 400 4196 cfr.
416 4143 462 4196 Su.
484 4143 553 4194 Edd.
574 4163 601 4213 p.
624 4143 683 4193 192.
