2534 4778
75 294 116 352 c.
141 292 269 362 92-93.
437 295 717 368 m
908 279 1003 372 215

74 501 325 580 matrimonio
366 501 553 574 habuerat
594 524 660 588 rex
700 503 914 600 Tryggvius
957 510 1066 580 Olevi

73 605 203 683 iiliust
249 603 330 672 haec
365 626 454 674 rere
490 616 576 675 tum
606 601 797 676 dissimilis
836 621 917 678 eret
951 624 1065 700 atque

72 705 203 774 fueret
220 719 320 791 ante,
342 727 432 776 eum
453 727 536 778 eam
568 719 828 794 conspexerat,
863 707 939 793 jam
962 711 1067 781 enirn

74 820 157 876 erat
171 804 315 897 pallida
339 819 379 874 et
403 804 606 878 nraeilente
627 804 723 876 darie
746 819 859 896 etque
883 810 982 880 mele
1005 835 1067 880 ve-

62 907 175 978 etita.
225 905 351 978 Lodin
369 904 667 980 Astridemadiit
693 919 731 980 et
751 907 941 997 quesivit,
979 911 1065 1000 quis

71 1021 184 1080 esset·
203 1029 336 1082 rerum
360 1029 516 1087 suarum
551 1005 696 1079 statue?
736 1006 807 1082 Ille
840 1011 1062 1100 respondet:

71 1130 188 1202 grave
199 1107 308 1180 dictu
325 1122 400 1196 est,
419 1105 599 1198 mancipii
618 1107 737 1178 instar
754 1111 968 1182 venundata
992 1110 1062 1202 fui,

73 1225 114 1278 et
130 1207 249 1280 etiam
272 1229 375 1282 nuuc
403 1209 481 1279 huc
506 1208 648 1281 venalis
673 1209 789 1280 allata
814 1232 910 1281 sum.
962 1212 1063 1282 Hinc

65 1335 111 1380 ee
126 1310 291 1380 invicem
306 1321 576 1403 coguoverunt,
591 1307 658 1384 ille
675 1329 763 1384 vero
782 1333 872 1382 eum
887 1325 924 1382 et
945 1332 1064 1404 genus

65 1411 157 1497 ejus
168 1410 340 1506 agnovit.
403 1414 506 1483 Tum
527 1408 677 1482 Aetride
691 1410 855 1502 rogavit,
887 1425 988 1482 utre
1005 1437 1063 1482 re-

71 1511 237 1582 dimeret
254 1525 295 1582 et
307 1510 356 1580 ad
378 1523 661 1606 cognataeauos
675 1511 886 1584 reduceret.
938 1513 1063 1584 Lodin

65 1611 295 1702 respondete
320 1633 364 1680 ea
382 1609 598 1684 conditione
615 1611 780 1700 iaciant,
802 1626 847 1684 ut
865 1626 905 1682 te
923 1636 1063 1686 areer-

68 1713 194 1782 vitute
220 1713 381 1782 liberem
409 1725 448 1780 et
466 1710 631 1783 ‚domum
643 1733 773 1784 meam
793 1713 995 1799 reducam,
1029 1715 1062 1784 ei

31 1849 33 1852 ·
63 1813 173 1884 mihi
187 1813 332 1884 nubere
348 1811 450 1882 velis.
497 1811 597 1884 Cutu
616 1835 704 1885 vero
720 1814 869 1892 Astrida
882 1815 945 1886 hia
964 1815 1061 1884 diffi-

65 1913 277 1984 cultatibus
291 1926 549 2005 premeretur,
574 1925 692 2003 ,etque
711 1915 842 2004 sciret,
873 1914 1061 1986 Lndinem

67 2039 152 2084 esse
174 2035 316 2108 genere
346 2013 559 2104 prestanti„
597 2028 798 2088 strenuum
817 2031 857 2086 et
891 2015 1059 2102 divitem,

67 2114 153 2184 haec
169 2137 239 2206 pro
262 2116 436 2186 libertate
453 2137 519 2184 aua
533 2115 750 2206 pollicetur.
811 2115 962 2188 Deinde
988 2118 1060 2186 Le-

28 2239 32 2252 ·
69 2217 138 2288 din
155 2215 344 2288 Asttidam
368 2213 532 2288 redemit
560 2229 676 2306 atque
702 2238 834 2288 aecum
856 2216 898 2288 iu
918 2219 1060 2288 Norve-

62 2316 176 2410 giam
198 2316 325 2405 duxit,
349 2337 621 2408 ¹correeusuque
639 2330 846 2410 regnatum
865 2316 1059 2386 matrimo-

67 2419 135 2488 nio
163 2440 295 2488 secum
326 2416 536 2505 conjunxit.
612 2421 756 2488 Eorum
788 2416 900 2490 liberi
932 2430 1056 2486 erant:

62 2519 241 2590 Thorkel
266 2516 375 2604 Nesia
400 2517 558 2607 (Naso),
586 2515 755 2610 ingiridei
777 2529 818 2588 et
840 2515 1054 2610 Ingigerda.

67 2618 176 2688 Filiae
186 2619 369 2714 Tryggvii
379 2616 476 2712 regie
485 2615 689 2690 etAetridae
700 2630 806 2690 erant
817 2617 1054 2713 Ingibjarge¹

66 2734 109 2788 et
127 2719 288 2790 Aetrida.
356 2719 442 2790 Filii
466 2718 585 2792 Eiriki
611 2717 870 2807 Bjodaskallii,
923 2719 1057 2788 iratres

65 2821 353 2910 vereAetridta,
381 2832 490 2890 erant
504 2818 709 2913 sigardus,
745 2820 904 2906 dustein,
934 2819 1056 2890 Karla·

63 2919 192 2992 hiifud
210 2935 249 2990 et
270 2919 437 2994 Thorkel
468 2919 608 3012 Dyrdil
633 2917 816 3011 (Gauda),
861 2919 904 2988 hi
923 2939 1056 2987 omnes

65 3021 142 3090 riri
158 3036 267 3090 erant
279 3022 461 3118 insignat,
486 3039 710 3114 magnaque
730 3017 774 3089 iu
797 3037 917 3112 regne
934 3020 1056 3088 orien-

63 3122 138 3191 tali
153 3122 294 3212 praedia
304 3121 586 3213 ‚possederunt

93 3277 96 3282 .
122 3223 295 3297 Consilia
309 3223 491 3294 Habonie
506 3225 690 3316 dynaetoe
705 3222 853 3314 derogo
873 3222 1008 3304 Οἱανο.

121 3323 213 3414 Cap.
239 3330 291 3398 93.
329 3323 465 3394 Heliou
499 3321 656 3416 dynasta
695 3345 827 3398 omues
858 3319 1054 3414 Narvegitt

64 3423 278 3515 provincias
295 3422 511 3516 exteriores,
538 3423 635 3492 mari
650 3422 886 3510 adjacenter,
913 3422 1053 3508 tenuit,

65 3524 361 3615 septemdecim²
394 3523 603 3615 provinciae
643 3524 713 3592 sub
758 3545 824 3591 sua
864 3535 1055 3612 potestate

64 3626 232 3709 habam
261 3649 334 3696 ¹rer
359 3647 449 3694 vero
466 3623 936 3694 HaraldusPulcricomus
966 3644 1054 3690 con-

66 3726 264 3818 stituerat,
297 3740 342 3796 ut
363 3726 400 3809 iri
429 3717 655 3823 quecunque
681 3717 876 3820 provincia
897 3721 1054 3816 dynasta

65 3828 298 3920 imperaret,
335 3851 417 3920 quae
434 3825 655 3894 constitutio
681 3825 747 3912 diu
763 3837 894 3917 postea
910 3835 1054 3904 serrata

67 3943 136 3997 est.
191 3929 282 3998 Ideo
296 3931 431 4000 Hakon
446 3926 601 4020 dynasta
616 3925 780 3996 'sedecim
798 3925 968 4018 dynastas
983 3919 1051 3994 sub

64 4054 104 4097 se
121 4029 269 4100 habuit.
322 4031 406 4100 Hoc
426 4041 589 4128 testatur
603 4023 790 4098 Vellelila:
887 4067 897 4126 s

63 4133 333 4148 m

111 4159 143 4228 ¹)
163 4161 318 4228 Ingigttrtla‚
339 4162 373 4227 B,
398 4159 432 4213 C.'
468 4158 501 4227 2)
520 4158 649 4221 sedecim,
669 4158 705 4219 B,
728 4156 767 4218 (i,
789 4159 819 4208 F.
