2526 4782
290 261 376 350 138
577 256 863 344 ’ω’
1093 285 1130 344 c.
1150 283 1200 350 64.

225 489 363 578 movit,
390 487 702 576 eosqueoffepdit'
726 485 1255 622 ει’1)οπὸατὶιίβῑὶῆτῑοΚΙὶΕειιι-·1

227 587 378 676 dorum,
398 590 476 656 ubi
482 609 526 656 ex
539 589 666 659 Danis
662 609 843 684 magnum
861 591 1080 664 hominumt
1104 597 1201 664 mul
1254 553 1255 784 3

225 687 426 757 titudinem
458 689 578 756 interf
578 689 662 758 eci't
729 689 822 760 Post
849 689 1041 779 eliquanto
1066 696 1255 768 Germi3

225 788 305 877 filii,
333 790 586 858 exscensione
593 789 1076 882 adSkerdeburguinfeete,
1104 815 1200 908 pne
1254 805 1255 860 3

225 890 323 968 lium
343 889 629 979 commisesunt,
655 891 783 981 ibique
802 889 902 990 Dani
928 893 1080 964 victorie
1091 895 1201 984 pontt

225 993 338 1073 suno3
370 1011 444 1082 quo
468 988 581 1076 facto,
614 1008 784 1060 austrum
801 1013 945 1060 versus
952 993 1082 1064 intuta
1090 1009 1201 1062 terne
1254 985 1255 1042 3

225 1092 419 1184 legebant,
453 1091 641 1162 Jorvikam
663 1093 906 1178 (Eboracum)
926 1095 1103 1182 petitum
1139 1095 1201 1162 hie

226 1191 349 1260 omnis
369 1191 598 1282 populusne
608 1215 647 1261 se
666 1193 858 1276 submisit;
881 1215 998 1282 quere
1016 1195 1123 1264 omni
1140 1194 1200 1262 de·
1254 1223 1255 1266 3

225 1293 345 1382 posito
361 1307 466 1360 metu
488 1292 609 1361 securi
627 1293 758 1360 erano·
796 1294 874 1362 Die
891 1294 1200 1382 quodammodo,

225 1392 470 1480 soiesereno,
503 1415 591 1477 curn
618 1392 756 1461 milites
768 1393 868 1462 inter
889 1415 1001 1462 neves
1016 1408 1198 1480 natarent,
1254 1395 1255 1484 3

224 1491 417 1588 regesque·
429 1515 471 1564 se
484 1493 608 1563 nando
625 1507 860 1580 exercerent,
879 1493 1031 1583 quidem
1045 1495 1200 1564 deterre
1254 1487 1255 1538 ἴ

122 1601 127 1614 ’
226 1593 470 1662 decurrentes
487 1593 560 1661 tela
579 1593 619 1662 in
642 1597 705 1662 eos
720 1593 923 1679 miserum
949 1608 1032 1662 tum
1053 1597 1201 1665 Knutus

226 1695 360 1788 sagitte
379 1694 425 1762 ed
443 1715 574 1762 necem
597 1696 797 1784 percussus
825 1697 901 1778 est}
931 1696 1071 1766 milites
1087 1693 1202 1764 funus

226 1795 420 1862 subletum
453 1796 492 1862 in
515 1817 627 1864 neves
659 1797 882 1864 retulerunt.
946 1797 1029 1888 Quo
1060 1794 1199 1880 audito,
1254 1799 1255 1892 3

225 1894 359 1964 incolae
384 1895 582 1986 ingentem
606 1893 814 1962 exereitum
839 1907 1130 1983 contraxerunt,
1165 1909 1201 1962 et
1254 1903 1255 1992 3

225 2015 326 2084 motu
352 1993 683 2086 Advenienterege
707 1993 936 2080 Adnuntia,
963 2015 1114 2082 omnes,
1140 1995 1201 2084 qui
1254 2001 1255 2088 3

225 2096 462 2166 enteeDenis
475 2117 513 2162 se
524 2095 772 2182 subjecerant,
799 2094 1197 2164 adeamus-annerum.
1254 2127 1255 2182 3

165 2277 166 2283 ἵ
227 2199 310 2289 Quo
326 2196 437 2283 facto,
462 2195 562 2266 Dani
580 2217 767 2285 nusquam
783 2197 824 2264 in
836 2209 977 2264 terrem
992 2197 1200 2290 egredipo-

225 2293 384 2366 suerunt
398 2310 551 2386 propter
569 2299 831 2368 confluentem
845 2297 979 2386 populi
991 2296 1201 2366 multitudi-
1254 2361 1255 2374 ,

225 2417 325 2485 nem,
353 2418 468 2490 quare
493 2395 705 2466 domumtn
726 2397 888 2466 Deniam
915 2419 955 2462 se
975 2397 1197 2466 retuterunt.

225 2493 304 2570 Rex
316 2496 723 2568 Gormusinsotiatum
735 2493 1060 2576 constitutttsfuit;
1086 2519 1200 2588 quem

225 2598 408 2670 Haratdus
425 2595 552 2666 statim
569 2597 759 2679 convenit,
786 2596 897 2666 matri
920 2619 1007 2666 vero
1026 2621 1089 2685 ea,-
1117 2620 1201 2688 quae
1254 2651 1255 2716 3

225 2697 449 2783 acciderent,
476 2713 533 2766 ret
521 2699 619 2766 tulit.
679 2703 836 2766 Votum
844 2712 994 2766 voverat
1023 2721 1089 2764 rex
1109 2699 1200 2768 Gur·
1254 2739 1255 2774 3

225 2812 323 2881 mus,
350 2799 381 2866 si
399 2799 589 2866 decessum
608 2797 723 2866 Knuti
739 2797 810 2866 filii
826 2797 885 2866 sui
902 2797 1129 2888 accepisset,
1162 2821 1200 2866 se

224 2900 467 2986 moriturum,
489 2911 528 2967 et
540 2897 715 2968 similiter
730 2921 837 2984 eum,
866 2899 933 2988 qui
951 2899 1022 2968 sibi
1038 2901 1201 2966 mortem
1254 2929 1255 2998 3

225 3004 308 3098 ejus
329 2999 546 3070 nuntiasset.
602 3003 703 3070 Tum
721 2998 863 3089 Thyna
880 2999 1007 3066 aulem
1028 2999 1255 3100 stragulis
1254 2981 1255 3060 3

224 3104 343 3192 panni
366 3101 581 3192 quadrilicis
613 3098 753 3166 cinerei
776 3098 910 3166 coloris
935 3099 1071 3166 obduci
1097 3098 1201 3186 fecit,

225 3218 315 3292 rege
328 3221 417 3268 vero
429 3201 700 3286 discumbente,
727 3221 869 3284 omnes,
896 3199 1198 3288 quiiutuserent,
1254 3233 1255 3304 3

224 3314 435 3370 tacuerunt.
491 3305 594 3374 Tum
611 3319 692 3368 rex
719 3321 786 3367 cur
800 3299 863 3368 hic
878 3321 1008 3368 omues
1022 3299 1201 3370 hommes
1254 3269 1255 3370 3

225 3400 374 3470 tacent?
400 3423 448 3468 an
468 3423 526 3470 res
541 3401 664 3490 eliqua
684 3414 897 3468 memoratu
912 3402 1023 3490 digna
1040 3400 1200 3468 eccidit?

225 3500 431 3592 Respondit
453 3502 599 3595 regina:
629 3501 784 3568 fuerunt
807 3501 896 3587 tibi,
928 3499 1096 3570 domi-ne!
1124 3501 1199 3569 duo
1254 3511 1255 3584 3

225 3604 434 3693 accipitres,
457 3605 552 3670 alter
567 3598 692 3668 colore
710 3603 806 3688 albo,
834 3603 931 3671 alter
944 3599 1116 3681 cinerem
1149 3603 1199 3668 el·
1254 3589 1255 3680 3

225 3705 294 3772 bus
307 3704 515 3792 illeprocul
533 3701 572 3770 in
590 3700 738 3769 decerta
755 3703 925 3788 avolavit,
945 3701 1009 3770 cui
1017 3701 1057 3768 in
1067 3702 1198 3770 arbore

227 3803 387 3894 quadam
405 3801 614 3872 considenti
630 3823 763 3894 magna
779 3805 1049 3891 superveniens
1065 3825 1198 3896 grecu-

225 3905 349 3972 lorum
366 3904 589 3988 multitudo,
614 3901 708 3972 adeo
726 3927 814 3970 eum
830 3903 1045 3998 vellicabat,
1076 3918 1122 3968 ut
1139 3904 1197 3970 de-

196 4019 199 4026 ·
226 4003 367 4098 plumis
380 4005 601 4093 inuti-lisque
615 4004 818 4096 fuctussit3
850 4005 1028 4096 accipiter
1043 4027 1131 4074 vero
1151 4004 1199 4071 ci·

226 4111 486 4128 ...v-ww

204 4188 206 4192 .
270 4135 298 4203 ¹)
318 4135 362 4188 Sic
381 4136 411 4199 D,
433 4135 717 4201 C3Nord1nnnnotunt,
735 4137 767 4189 A„
811 4173 813 4178 ·
