2536 4788
66 278 103 340 c.
127 277 184 344 12,
434 282 703 344 ΞΕ...-
933 271 989 360 19

69 513 156 562 cum
180 490 279 562 viat
304 487 416 570 armis
432 487 607 562 adversus
628 491 864 564 fratreasuos
886 509 1050 570 tentatu-

68 617 176 682 rum,
216 605 262 660 ut
283 589 470 683 singulare
499 593 616 659 totius
639 595 747 688 regni
770 593 996 687 imperium,
1028 625 1049 674 a

67 706 177 784 patre
197 693 348 778 datum,
380 692 452 762 sibi
472 691 689 764 vindicaret.
758 698 849 789 Quae
871 720 959 768 curn
982 723 1049 770 rex

69 795 211 862 Olavus
236 806 274 862 et
299 789 477 883 Sigrbdus
503 794 747 884 resciverant,
789 796 912 866 missis
936 799 1050 870 inter·
1099 794 1101 798 ’

66 893 227 980 nuntiis,
241 892 488 964 conveniendi
497 894 626 968 locum
638 909 862 984 statuerunt,
877 913 915 968 et
926 903 1052 991 proxi·

66 1016 132 1064 mo
148 1017 238 1064 vere
261 1014 327 1060 rex
343 993 517 1088 Sigrbdus
532 995 697 1086 pedestri
710 997 845 1068 itinere
863 1000 1051 1074 orientem

65 1117 197 1164 versus
208 1093 250 1164 in
267 1093 300 1163 V
303 1092 418 1164 iliam
437 1095 703 1186 proficiscitur,
734 1099 801 1168 ubi
818 1119 950 1192 regem
965 1103 1050 1172 Ola-

67 1219 160 1264 vum
182 1193 396 1290 Tunsbergi
427 1197 620 1284 convenit,
657 1198 786 1290 ibique
819 1199 1052 1290 aliquamdiu

67 1307 353 1367 commorantur
374 1297 496 1368 ambo.
559 1298 702 1370 Eodem
723 1323 811 1368 vere
824 1301 971 1371 Eirikus
993 1303 1050 1374 in-

66 1409 226 1490 gentem
234 1395 462 1468 exercitum¹
477 1410 516 1468 et
523 1397 677 1468 classem
690 1401 863 1490 imperat,
874 1414 912 1469 et
926 1403 1050 1474 orien-
1095 1425 1097 1436 ·

65 1511 147 1567 tem
166 1519 297 1568 versus
322 1494 365 1566 in
383 1497 533 1569 Vikiam
555 1499 697 1588 tendit,
737 1517 817 1570 tam
839 1501 1050 1574 ferentibus

65 1619 160 1668 usus
183 1598 321 1684 ventis,
364 1611 409 1668 ut
427 1613 558 1670 noctes
581 1599 735 1690 diesque
768 1602 1051 1697 navigationem

65 1711 336 1790 perseveraret,
346 1697 452 1768 nulla
467 1721 556 1768 eum
569 1717 822 1788 precurrente
830 1701 940 1775 fama.
965 1705 1050 1797 Qui,

65 1822 157 1870 cum
175 1797 446 1890 Tunsbergum
463 1797 692 1888 advenisset,
721 1801 859 1873 Olavus
876 1815 915 1870 et
930 1803 1051 1898 Sigrb·

65 1900 136 1971 dus
153 1900 280 1991 copias
300 1923 346 1968 ex
359 1898 499 1990 oppido
518 1899 704 1989 educunt,
729 1900 823 1970 etin
843 1900 958 1989 clivo,
985 1906 1052 1995 qui

64 2001 253 2092 oppidum
270 1999 327 2070 ab
342 1999 489 2070 oriente
504 2013 668 2090 spectat,
706 2000 827 2072 aciem
842 2001 1049 2080 instruunt.

62 2101 230 2190 Eirikus,
256 2098 428 2190 superior
444 2123 606 2176 numero
624 2101 828 2192 copiarum,
852 2101 1050 2177 victoriam

62 2201 283 2294 reportavit.
349 2200 576 2274 Ceciderunt
594 2203 728 2290 ambo,
764 2203 903 2274 Olavus
920 2219 957 2274 et
971 2203 1052 2297 Sig-

60 2303 191 2390 rodus,
218 2302 595 2393 quorum-amborum
609 2300 751 2372 tumuli
764 2299 840 2370 ibi²
860 2317 966 2392 sunt,
988 2305 1056 2375 ubi

64 2403 246 2494 prostrati
263 2402 446 2491 jacebant.
494 2407 597 2476 Turn
609 2403 756 2476 Eirikus
768 2415 891 2472 totam
903 2403 1054 2476 Vikiam

65 2505 183 2592 obiit,
217 2525 377 2595 eamque
401 2502 471 2573 sub
498 2517 728 2593 potestatem
757 2523 870 2576 ¹suam
896 2503 1052 2598 redegit,

36 2625 41 2636 ·
65 2606 239 2675 multum
256 2604 391 2676 aestatis
406 2601 758 2676 ibicommoratusa.
787 2604 997 2698 Tryggvius
1014 2618 1054 2672 et

68 2703 271 2776 Gudrsdus
288 2707 331 2777 in
348 2703 549 2797 Upplanda
564 2704 805 2797 aufugerunt.
852 2703 940 2774 Fuit
958 2704 1052 2776 Eiri-

65 2807 137 2878 kus
157 2820 300 2879 statura
315 2828 516 2899 procerus,
549 2804 759 2890 formosus,
792 2826 911 2873 manu
931 2804 1050 2893 fortis,

66 2908 211 2976 virtute
236 2922 439 2998 praestans,
471 2901 631 2998 insignis
659 2905 837 2992 bellator,
877 2904 1051 2974 victorio-

68 3029 151 3095 sus,
190 3007 425 3078 vehementis
459 3005 626 3098 ingenii,
660 3004 840 3093 crudetis,
879 3017 1052 3093 asperet
1124 2999 1127 3012 '

67 3108 274 3178 verborum
291 3130 435 3198 parcus.
487 3106 637 3194 Conjux
654 3101 966 3193 ejusGunnhilda
978 3103 1053 3174 fuit

66 3208 300 3278 feminarum
315 3199 587 3300 pulcherrima,
621 3207 767 3296 sapiens
784 3218 823 3274 et
841 3205 1053 3275 multarum

66 3331 200 3378 rerum
220 3331 355 3405 gnara,
387 3307 428 3378 in
443 3329 617 3378 sermone
637 3305 787 3394 hilaris,
818 3304 885 3374 sed
904 3305 1054 3376 subdoli

67 3409 190 3476 animi
206 3431 284 3477 non
306 3408 434 3478 minus
451 3429 564 3498 quam
578 3405 781 3478 saevissimi.
827 3405 881 3476 Hi
897 3403 1055 3474 fuerunt

68 3509 352 3580 liberiEirikiet
365 3507 612 3580 Gunnhildae:
633 3508 815 3594 Gamlius,
832 3519 925 3576 natu
937 3505 1055 3582 maxi-

67 3631 167 3696 mus,
182 3609 432 3696 Guthormus,
442 3607 640 3695 Haraldus,
654 3605 924 3703 Ragnfroduss,
934 3607 1057 3699 Ragn-

67 3707 192 3797 hilda,
220 3710 418 3803 Erlingus5
431 3758 443 3799 ,
471 3707 811 3802 SigurdusSlefa⁶,
837 3705 1053 3778 Gudrbdus.

111 3839 139 3903 ³)
160 3839 249 3908 copias
267 3841 382 3906 navales,
404 3841 433 3892 C.
474 3836 507 3908 2)
524 3839 553 3889 in
566 3837 656 3903 olivo,
681 3837 742 3889 add.
759 3841 793 3903 B,
810 3840 841 3888 F.
879 3831 911 3900 ³)
925 3837 1007 3888 omitt.
1024 3837 1053 3886 C.

68 3924 104 3997 ⁴)
120 3927 299 3998 Rbgnvaldus,
322 3932 352 3996 F,
372 3949 447 4002 perp.
488 3928 522 3997 5)
539 3929 584 3980 Sic
603 3945 664 3981 aum
683 3940 827 3980 onustamur
844 3931 961 3984 nomhat
976 3929 1054 3991 Hks„

69 4033 96 4073 et
112 4019 173 4072 baec
186 4019 253 4076 ‚biso
273 4017 300 4070 h.
319 4021 359 4086 1.,
388 4023 434 4084 sed
453 4023 481 4074 in
498 4017 669 4099 ,sapientibus
685 4037 788 4090 semper
806 4019 966 4084 Etlendum,
993 4034 1054 4096 m·

69 4113 116 4176 32,
136 4107 182 4177 ³4,
198 4107 245 4176 42,
262 4107 307 4165 48.
348 4107 376 4180 ⁶)
391 4115 422 4166 Ρ.
441 4110 571 4179 Clausen,
597 4131 657 4182 pag.
677 4109 728 4196 97¹,
753 4112 860 4252 verbu}z
873 4109 1013 4161 Stuolorm·
