<?xml version="1.0" encoding="UTF-8"?>
<!DOCTYPE html PUBLIC "-//W3C//DTD XHTML 1.0 Transitional//EN"
    "http://www.w3.org/TR/xhtml1/DTD/xhtml1-transitional.dtd">
<html xmlns="http://www.w3.org/1999/xhtml" xml:lang="en" lang="en">
 <head>
  <title>
</title>
<meta http-equiv="Content-Type" content="text/html;charset=utf-8" />
  <meta name='ocr-system' content='tesseract 3.04.00' />
  <meta name='ocr-capabilities' content='ocr_page ocr_carea ocr_par ocr_line ocrx_word'/>
</head>
<body>
  <div class='ocr_page' id='page_1' title='image "./scriptahistoric00dengoog_0098.png"; bbox 0 0 2526 4782; ppageno 0'>
   <div class='ocr_carea' id='block_1_1' title="bbox 55 290 978 379">
    <p class='ocr_par' dir='ltr' id='par_1_1' title="bbox 55 290 978 379">
     <span class='ocr_line' id='line_1_1' title="bbox 55 290 978 379; baseline 0.011 -24"><span class='ocrx_word' id='word_1_1' title='bbox 55 295 85 354; x_wconf 83' lang='lat' dir='ltr'><strong>o.</strong></span> <span class='ocrx_word' id='word_1_2' title='bbox 107 293 237 360; x_wconf 79' lang='lat' dir='ltr'><strong>ae-sa.</strong></span> <span class='ocrx_word' id='word_1_3' title='bbox 421 299 692 364; x_wconf 44' lang='grc' dir='ltr'><strong>π</strong></span> <span class='ocrx_word' id='word_1_4' title='bbox 916 290 978 379; x_wconf 80' lang='grc'><strong>67</strong></span> 
     </span>
    </p>
   </div>
   <div class='ocr_carea' id='block_1_2' title="bbox 26 505 1036 4017">
    <p class='ocr_par' dir='ltr' id='par_1_2' title="bbox 36 505 1036 2384">
     <span class='ocr_line' id='line_1_2' title="bbox 51 505 1036 602; baseline 0.012 -28"><span class='ocrx_word' id='word_1_5' title='bbox 51 507 158 591; x_wconf 81' lang='lat' dir='ltr'><strong>cujus</strong></span> <span class='ocrx_word' id='word_1_6' title='bbox 175 519 222 573; x_wconf 86' lang='lat' dir='ltr'><strong>tu</strong></span> <span class='ocrx_word' id='word_1_7' title='bbox 241 525 383 574; x_wconf 87' lang='lat' dir='ltr'><strong>nomen</strong></span> <span class='ocrx_word' id='word_1_8' title='bbox 400 505 534 575; x_wconf 84' lang='lat' dir='ltr'><strong>refers!</strong></span> <span class='ocrx_word' id='word_1_9' title='bbox 554 530 623 576; x_wconf 89' lang='lat' dir='ltr'><strong>avo</strong></span> <span class='ocrx_word' id='word_1_10' title='bbox 642 522 721 600; x_wconf 82' lang='lat' dir='ltr'><strong>tuo,</strong></span> <span class='ocrx_word' id='word_1_11' title='bbox 748 511 814 602; x_wconf 89' lang='lat' dir='ltr'><strong>qui</strong></span> <span class='ocrx_word' id='word_1_12' title='bbox 830 524 950 585; x_wconf 86' lang='lat' dir='ltr'><strong>totam</strong></span> <span class='ocrx_word' id='word_1_13' title='bbox 965 513 1036 586; x_wconf 87' lang='lat' dir='ltr'><strong>sibi</strong></span> 
     </span>
     <span class='ocr_line' id='line_1_3' title="bbox 50 604 1034 702; baseline 0.014 -30"><span class='ocrx_word' id='word_1_14' title='bbox 50 607 214 694; x_wconf 85' lang='lat' dir='ltr'><strong>subjecit</strong></span> <span class='ocrx_word' id='word_1_15' title='bbox 231 604 475 702; x_wconf 83' lang='lat' dir='ltr'><strong>Norvegiam‚</strong></span> <span class='ocrx_word' id='word_1_16' title='bbox 510 607 620 698; x_wconf 89' lang='lat' dir='ltr'><strong>eique</strong></span> <span class='ocrx_word' id='word_1_17' title='bbox 640 610 686 678; x_wconf 93' lang='lat' dir='ltr'><strong>ad</strong></span> <span class='ocrx_word' id='word_1_18' title='bbox 711 626 950 684; x_wconf 87' lang='lat' dir='ltr'><strong>senectutem</strong></span> <span class='ocrx_word' id='word_1_19' title='bbox 975 638 1034 686; x_wconf 90' lang='lat' dir='ltr'><strong>us-</strong></span> 
     </span>
     <span class='ocr_line' id='line_1_4' title="bbox 49 705 1033 805; baseline 0.014 -33"><span class='ocrx_word' id='word_1_20' title='bbox 49 731 122 795; x_wconf 88' lang='lat' dir='ltr'><strong>que</strong></span> <span class='ocrx_word' id='word_1_21' title='bbox 132 705 343 797; x_wconf 87' lang='lat' dir='ltr'><strong>imperavit.</strong></span> <span class='ocrx_word' id='word_1_22' title='bbox 370 709 585 797; x_wconf 83' lang='lat' dir='ltr'><strong>Respondet</strong></span> <span class='ocrx_word' id='word_1_23' title='bbox 596 711 795 780; x_wconf 88' lang='lat' dir='ltr'><strong>Haraldus:</strong></span> <span class='ocrx_word' id='word_1_24' title='bbox 810 713 911 784; x_wconf 90' lang='lat' dir='ltr'><strong>haud</strong></span> <span class='ocrx_word' id='word_1_25' title='bbox 926 738 1033 805; x_wconf 80' lang='lat' dir='ltr'><strong>aeque</strong></span> 
     </span>
     <span class='ocr_line' id='line_1_5' title="bbox 46 807 1030 904; baseline 0.009 -29"><span class='ocrx_word' id='word_1_26' title='bbox 46 808 160 875; x_wconf 85' lang='lat' dir='ltr'><strong>facile</strong></span> <span class='ocrx_word' id='word_1_27' title='bbox 174 820 251 894; x_wconf 89' lang='lat' dir='ltr'><strong>est,</strong></span> <span class='ocrx_word' id='word_1_28' title='bbox 274 807 477 900; x_wconf 84' lang='lat' dir='ltr'><strong>Sigurdum</strong></span> <span class='ocrx_word' id='word_1_29' title='bbox 494 809 689 900; x_wconf 86' lang='lat' dir='ltr'><strong>dynastam</strong></span> <span class='ocrx_word' id='word_1_30' title='bbox 705 812 864 884; x_wconf 86' lang='lat' dir='ltr'><strong>emedio</strong></span> <span class='ocrx_word' id='word_1_31' title='bbox 882 816 1030 904; x_wconf 80' lang='lat' dir='ltr'><strong>tollere,</strong></span> 
     </span>
     <span class='ocr_line' id='line_1_6' title="bbox 46 907 1031 1006; baseline 0.008 -30"><span class='ocrx_word' id='word_1_32' title='bbox 46 931 88 976; x_wconf 90' lang='lat' dir='ltr'><strong>ac</strong></span> <span class='ocrx_word' id='word_1_33' title='bbox 104 907 263 976; x_wconf 88' lang='lat' dir='ltr'><strong>haedum</strong></span> <span class='ocrx_word' id='word_1_34' title='bbox 279 923 344 976; x_wconf 88' lang='lat' dir='ltr'><strong>aut</strong></span> <span class='ocrx_word' id='word_1_35' title='bbox 360 909 543 978; x_wconf 79' lang='lat' dir='ltr'><strong>vitulum¹</strong></span> <span class='ocrx_word' id='word_1_36' title='bbox 565 912 749 1003; x_wconf 78' lang='lat' dir='ltr'><strong>jugulare.</strong></span> <span class='ocrx_word' id='word_1_37' title='bbox 809 917 955 1006; x_wconf 87' lang='lat' dir='ltr'>Nempe</span> <span class='ocrx_word' id='word_1_38' title='bbox 977 915 1031 984; x_wconf 88' lang='lat' dir='ltr'><strong>Si·</strong></span> 
     </span>
     <span class='ocr_line' id='line_1_7' title="bbox 45 1007 1030 1102; baseline 0.011 -27"><span class='ocrx_word' id='word_1_39' title='bbox 45 1007 188 1102; x_wconf 85' lang='lat' dir='ltr'><strong>gurdus</strong></span> <span class='ocrx_word' id='word_1_40' title='bbox 210 1009 365 1100; x_wconf 87' lang='lat' dir='ltr'>dynasta</span> <span class='ocrx_word' id='word_1_41' title='bbox 385 1011 512 1101; x_wconf 88' lang='lat' dir='ltr'><strong>amplo</strong></span> <span class='ocrx_word' id='word_1_42' title='bbox 540 1012 623 1080; x_wconf 91' lang='lat' dir='ltr'><strong>loco</strong></span> <span class='ocrx_word' id='word_1_43' title='bbox 639 1027 749 1082; x_wconf 88' lang='lat' dir='ltr'><strong>natus</strong></span> <span class='ocrx_word' id='word_1_44' title='bbox 776 1027 852 1097; x_wconf 85' lang='lat' dir='ltr'><strong>est,</strong></span> <span class='ocrx_word' id='word_1_45' title='bbox 889 1018 1030 1086; x_wconf 89' lang='lat' dir='ltr'><strong>multos</strong></span> 
     </span>
     <span class='ocr_line' id='line_1_8' title="bbox 43 1105 1031 1204; baseline 0.014 -32"><span class='ocrx_word' id='word_1_46' title='bbox 43 1105 160 1176; x_wconf 87' lang='lat' dir='ltr'><strong>habet</strong></span> <span class='ocrx_word' id='word_1_47' title='bbox 176 1109 250 1178; x_wconf 88' lang='lat' dir='ltr'>sibi</span> <span class='ocrx_word' id='word_1_48' title='bbox 266 1127 456 1200; x_wconf 79' lang='lat' dir='ltr'><strong>cognatos,</strong></span> <span class='ocrx_word' id='word_1_49' title='bbox 474 1113 606 1201; x_wconf 86' lang='lat' dir='ltr'><strong>populi</strong></span> <span class='ocrx_word' id='word_1_50' title='bbox 633 1135 760 1182; x_wconf 86' lang='lat' dir='ltr'><strong>amore</strong></span> <span class='ocrx_word' id='word_1_51' title='bbox 779 1129 817 1184; x_wconf 88' lang='lat' dir='ltr'><strong>et</strong></span> <span class='ocrx_word' id='word_1_52' title='bbox 830 1115 1031 1204; x_wconf 85' lang='lat' dir='ltr'><strong>prudentia</strong></span> 
     </span>
     <span class='ocr_line' id='line_1_9' title="bbox 44 1210 1027 1302; baseline 0.013 -29"><span class='ocrx_word' id='word_1_53' title='bbox 44 1210 166 1302; x_wconf 74' lang='lat' dir='ltr'><strong>viget3</strong></span> <span class='ocrx_word' id='word_1_54' title='bbox 210 1233 326 1300; x_wconf 87' lang='lat' dir='ltr'><strong>quare</strong></span> <span class='ocrx_word' id='word_1_55' title='bbox 342 1229 563 1299; x_wconf 84' lang='lat' dir='ltr'><strong>persuasum</strong></span> <span class='ocrx_word' id='word_1_56' title='bbox 585 1211 725 1300; x_wconf 84' lang='lat' dir='ltr'><strong>habeo,</strong></span> <span class='ocrx_word' id='word_1_57' title='bbox 747 1215 905 1292; x_wconf 85' lang='lat' dir='ltr'><strong>simulac</strong></span> <span class='ocrx_word' id='word_1_58' title='bbox 920 1229 1027 1286; x_wconf 89' lang='lat' dir='ltr'><strong>certo</strong></span> 
     </span>
     <span class='ocr_line' id='line_1_10' title="bbox 44 1311 1028 1399; baseline 0.01 -23"><span class='ocrx_word' id='word_1_59' title='bbox 44 1311 285 1399; x_wconf 83' lang='lat' dir='ltr'><strong>cognoverit,</strong></span> <span class='ocrx_word' id='word_1_60' title='bbox 323 1311 469 1382; x_wconf 90' lang='lat' dir='ltr'><strong>bellum</strong></span> <span class='ocrx_word' id='word_1_61' title='bbox 494 1313 608 1382; x_wconf 87' lang='lat' dir='ltr'><strong>sibia</strong></span> <span class='ocrx_word' id='word_1_62' title='bbox 637 1315 745 1383; x_wconf 82' lang='lat' dir='ltr'><strong>nobis</strong></span> <span class='ocrx_word' id='word_1_63' title='bbox 777 1315 1028 1386; x_wconf 87' lang='lat' dir='ltr'><strong>metuendum</strong></span> 
     </span>
     <span class='ocr_line' id='line_1_11' title="bbox 43 1411 1026 1502; baseline 0.01 -26"><span class='ocrx_word' id='word_1_64' title='bbox 43 1432 138 1498; x_wconf 89' lang='lat' dir='ltr'><strong>esse,</strong></span> <span class='ocrx_word' id='word_1_65' title='bbox 177 1411 369 1480; x_wconf 80' lang='lat' dir='ltr'><strong>universos</strong></span> <span class='ocrx_word' id='word_1_66' title='bbox 387 1413 582 1483; x_wconf 89' lang='lat' dir='ltr'><strong>Thrandos</strong></span> <span class='ocrx_word' id='word_1_67' title='bbox 601 1415 645 1484; x_wconf 91' lang='lat' dir='ltr'><strong>ab</strong></span> <span class='ocrx_word' id='word_1_68' title='bbox 671 1437 714 1483; x_wconf 86' lang='lat' dir='ltr'><strong>eo</strong></span> <span class='ocrx_word' id='word_1_69' title='bbox 737 1429 919 1502; x_wconf 83' lang='lat' dir='ltr'><strong>staturos,</strong></span> <span class='ocrx_word' id='word_1_70' title='bbox 942 1439 1026 1486; x_wconf 91' lang='lat' dir='ltr'><strong>nos-</strong></span> 
     </span>
     <span class='ocr_line' id='line_1_12' title="bbox 42 1509 1025 1600; baseline 0.01 -24"><span class='ocrx_word' id='word_1_71' title='bbox 42 1533 137 1599; x_wconf 83' lang='lat' dir='ltr'><strong>que,</strong></span> <span class='ocrx_word' id='word_1_72' title='bbox 169 1509 201 1576; x_wconf 91' lang='lat' dir='ltr'><strong>si</strong></span> <span class='ocrx_word' id='word_1_73' title='bbox 227 1535 271 1580; x_wconf 88' lang='lat' dir='ltr'><strong>eo</strong></span> <span class='ocrx_word' id='word_1_74' title='bbox 295 1514 449 1580; x_wconf 89' lang='lat' dir='ltr'><strong>consilio</strong></span> <span class='ocrx_word' id='word_1_75' title='bbox 474 1515 567 1582; x_wconf 86' lang='lat' dir='ltr'><strong>illuc</strong></span> <span class='ocrx_word' id='word_1_76' title='bbox 599 1514 812 1600; x_wconf 85' lang='lat' dir='ltr'>veniemus,</span> <span class='ocrx_word' id='word_1_77' title='bbox 840 1517 942 1594; x_wconf 80' lang='lat' dir='ltr'><strong>male</strong></span> <span class='ocrx_word' id='word_1_78' title='bbox 967 1540 1025 1586; x_wconf 90' lang='lat' dir='ltr'><strong>ac-</strong></span> 
     </span>
     <span class='ocr_line' id='line_1_13' title="bbox 41 1614 1025 1703; baseline 0.009 -27"><span class='ocrx_word' id='word_1_79' title='bbox 41 1629 241 1699; x_wconf 77' lang='lat' dir='ltr'><strong>cepturos5</strong></span> <span class='ocrx_word' id='word_1_80' title='bbox 276 1614 526 1702; x_wconf 78' lang='lat' dir='ltr'><strong>quoaccedit,</strong></span> <span class='ocrx_word' id='word_1_81' title='bbox 562 1616 663 1703; x_wconf 88' lang='lat' dir='ltr'><strong>quod</strong></span> <span class='ocrx_word' id='word_1_82' title='bbox 680 1615 823 1692; x_wconf 83' lang='lat' dir='ltr'><strong>nemini</strong></span> <span class='ocrx_word' id='word_1_83' title='bbox 851 1639 895 1682; x_wconf 79' lang='lat' dir='ltr'><strong>ex</strong></span> <span class='ocrx_word' id='word_1_84' title='bbox 919 1617 1025 1685; x_wconf 89' lang='lat' dir='ltr'><strong>nobis</strong></span> 
     </span>
     <span class='ocr_line' id='line_1_14' title="bbox 38 1709 1024 1804; baseline 0.006 -28"><span class='ocrx_word' id='word_1_85' title='bbox 38 1709 218 1780; x_wconf 88' lang='lat' dir='ltr'><strong>fratribus</strong></span> <span class='ocrx_word' id='word_1_86' title='bbox 234 1725 362 1781; x_wconf 87' lang='lat' dir='ltr'><strong>tutum</strong></span> <span class='ocrx_word' id='word_1_87' title='bbox 383 1713 499 1782; x_wconf 85' lang='lat' dir='ltr'><strong>videri</strong></span> <span class='ocrx_word' id='word_1_88' title='bbox 513 1730 625 1804; x_wconf 86' lang='lat' dir='ltr'><strong>puto,</strong></span> <span class='ocrx_word' id='word_1_89' title='bbox 653 1737 711 1784; x_wconf 86' lang='lat' dir='ltr'><strong>res</strong></span> <span class='ocrx_word' id='word_1_90' title='bbox 729 1737 813 1785; x_wconf 85' lang='lat' dir='ltr'><strong>suas</strong></span> <span class='ocrx_word' id='word_1_91' title='bbox 829 1716 1024 1792; x_wconf 86' lang='lat' dir='ltr'><strong>Thrando-</strong></span> 
     </span>
     <span class='ocr_line' id='line_1_15' title="bbox 38 1812 1023 1894; baseline 0.008 -17"><span class='ocrx_word' id='word_1_92' title='bbox 38 1835 126 1880; x_wconf 87' lang='lat' dir='ltr'><strong>rum</strong></span> <span class='ocrx_word' id='word_1_93' title='bbox 145 1812 235 1880; x_wconf 85' lang='lat' dir='ltr'><strong>fidei</strong></span> <span class='ocrx_word' id='word_1_94' title='bbox 253 1816 501 1883; x_wconf 83' lang='lat' dir='ltr'><strong>committere.</strong></span> <span class='ocrx_word' id='word_1_95' title='bbox 556 1815 628 1884; x_wconf 85' lang='lat' dir='ltr'><strong>Cui</strong></span> <span class='ocrx_word' id='word_1_96' title='bbox 643 1813 879 1885; x_wconf 82' lang='lat' dir='ltr'><strong>Gunnhilda:</strong></span> <span class='ocrx_word' id='word_1_97' title='bbox 903 1816 1023 1894; x_wconf 86' lang='lat' dir='ltr'><strong>immo</strong></span> 
     </span>
     <span class='ocr_line' id='line_1_16' title="bbox 38 1913 1020 2002; baseline 0.003 -23"><span class='ocrx_word' id='word_1_98' title='bbox 38 1913 114 1980; x_wconf 89' lang='lat' dir='ltr'><strong>alio</strong></span> <span class='ocrx_word' id='word_1_99' title='bbox 139 1933 292 2002; x_wconf 89' lang='lat' dir='ltr'><strong>prorsus</strong></span> <span class='ocrx_word' id='word_1_100' title='bbox 309 1915 421 1982; x_wconf 89' lang='lat' dir='ltr'><strong>modo</strong></span> <span class='ocrx_word' id='word_1_101' title='bbox 437 1917 536 1983; x_wconf 89' lang='lat' dir='ltr'><strong>hanc</strong></span> <span class='ocrx_word' id='word_1_102' title='bbox 557 1917 744 1984; x_wconf 86' lang='lat' dir='ltr'><strong>rationem</strong></span> <span class='ocrx_word' id='word_1_103' title='bbox 763 1915 1020 1986; x_wconf 80' lang='lat' dir='ltr'><strong>instituamus:</strong></span> 
     </span>
     <span class='ocr_line' id='line_1_17' title="bbox 40 2014 1021 2108; baseline 0.007 -31"><span class='ocrx_word' id='word_1_104' title='bbox 40 2035 106 2108; x_wconf 82' lang='lat' dir='ltr'><strong>ego</strong></span> <span class='ocrx_word' id='word_1_105' title='bbox 126 2035 168 2080; x_wconf 80' lang='lat' dir='ltr'><strong>ac</strong></span> <span class='ocrx_word' id='word_1_106' title='bbox 186 2037 252 2082; x_wconf 83' lang='lat' dir='ltr'><strong>rex</strong></span> <span class='ocrx_word' id='word_1_107' title='bbox 265 2015 450 2084; x_wconf 88' lang='lat' dir='ltr'><strong>Haraldus</strong></span> <span class='ocrx_word' id='word_1_108' title='bbox 463 2015 696 2098; x_wconf 87' lang='lat' dir='ltr'><strong>etErlsndus</strong></span> <span class='ocrx_word' id='word_1_109' title='bbox 710 2014 882 2103; x_wconf 82' lang='lat' dir='ltr'><strong>proxima</strong></span> <span class='ocrx_word' id='word_1_110' title='bbox 895 2016 1021 2084; x_wconf 88' lang='lat' dir='ltr'><strong>hieme</strong></span> 
     </span>
     <span class='ocr_line' id='line_1_18' title="bbox 37 2113 1020 2204; baseline 0.003 -26"><span class='ocrx_word' id='word_1_111' title='bbox 37 2113 75 2180; x_wconf 90' lang='lat' dir='ltr'><strong>in</strong></span> <span class='ocrx_word' id='word_1_112' title='bbox 97 2115 233 2185; x_wconf 86' lang='lat' dir='ltr'><strong>Maeria</strong></span> <span class='ocrx_word' id='word_1_113' title='bbox 252 2116 556 2204; x_wconf 77' lang='lat' dir='ltr'><strong>septemtrionali</strong></span> <span class='ocrx_word' id='word_1_114' title='bbox 585 2116 919 2202; x_wconf 82' lang='lat' dir='ltr'><strong>commorabimur,</strong></span> <span class='ocrx_word' id='word_1_115' title='bbox 958 2139 1020 2182; x_wconf 52' lang='lat' dir='ltr'><strong>exe</strong></span> 
     </span>
     <span class='ocr_line' id='line_1_19' title="bbox 36 2214 1020 2308; baseline 0.005 -29"><span class='ocrx_word' id='word_1_116' title='bbox 36 2216 204 2305; x_wconf 76' lang='lat' dir='ltr'><strong>pet-turi,</strong></span> <span class='ocrx_word' id='word_1_117' title='bbox 230 2215 320 2308; x_wconf 91' lang='lat' dir='ltr'><strong>quid</strong></span> <span class='ocrx_word' id='word_1_118' title='bbox 335 2216 483 2285; x_wconf 82' lang='lat' dir='ltr'><strong>efficere</strong></span> <span class='ocrx_word' id='word_1_119' title='bbox 505 2238 698 2308; x_wconf 87' lang='lat' dir='ltr'><strong>queamus.</strong></span> <span class='ocrx_word' id='word_1_120' title='bbox 750 2221 876 2307; x_wconf 85' lang='lat' dir='ltr'><strong>Atque</strong></span> <span class='ocrx_word' id='word_1_121' title='bbox 895 2216 946 2296; x_wconf 85' lang='lat' dir='ltr'><strong>sic</strong></span> <span class='ocrx_word' id='word_1_122' title='bbox 965 2214 1020 2284; x_wconf 83' lang='lat' dir='ltr'><strong>fe-</strong></span> 
     </span>
     <span class='ocr_line' id='line_1_20' title="bbox 37 2329 181 2384; baseline 0.028 -4"><span class='ocrx_word' id='word_1_123' title='bbox 37 2329 181 2384; x_wconf 72' lang='lat' dir='ltr'><strong>cerunt</strong></span> 
     </span>
    </p>

    <p class='ocr_par' dir='ltr' id='par_1_3' title="bbox 95 2416 950 2511">
     <span class='ocr_line' id='line_1_21' title="bbox 95 2416 950 2511; baseline -0.004 -27"><span class='ocrx_word' id='word_1_124' title='bbox 95 2416 288 2508; x_wconf 77' lang='lat' dir='ltr'><strong>Sigerdus</strong></span> <span class='ocrx_word' id='word_1_125' title='bbox 303 2419 484 2511; x_wconf 72' lang='lat' dir='ltr'><strong>dynasta</strong></span> <span class='ocrx_word' id='word_1_126' title='bbox 513 2417 553 2486; x_wconf 86' lang='lat' dir='ltr'><strong>in</strong></span> <span class='ocrx_word' id='word_1_127' title='bbox 579 2416 734 2486; x_wconf 78' lang='lat' dir='ltr'><strong>oeclibos·</strong></span> <span class='ocrx_word' id='word_1_128' title='bbox 749 2427 950 2494; x_wconf 76' lang='lat' dir='ltr'><strong>crematus.</strong></span> 
     </span>
    </p>

    <p class='ocr_par' dir='ltr' id='par_1_4' title="bbox 26 2513 1017 4017">
     <span class='ocr_line' id='line_1_22' title="bbox 86 2513 1017 2612; baseline 0.006 -32"><span class='ocrx_word' id='word_1_129' title='bbox 86 2514 178 2606; x_wconf 86' lang='lat' dir='ltr'><strong>Cap.</strong></span> <span class='ocrx_word' id='word_1_130' title='bbox 201 2526 252 2589; x_wconf 80' lang='lat'><strong>33.</strong></span> <span class='ocrx_word' id='word_1_131' title='bbox 282 2518 527 2612; x_wconf 67' lang='lat' dir='ltr'><strong>Gtiotgardus</strong></span> <span class='ocrx_word' id='word_1_132' title='bbox 559 2540 701 2587; x_wconf 87' lang='lat' dir='ltr'><strong>nomen</strong></span> <span class='ocrx_word' id='word_1_133' title='bbox 722 2529 802 2590; x_wconf 83' lang='lat' dir='ltr'><strong>erat</strong></span> <span class='ocrx_word' id='word_1_134' title='bbox 832 2513 942 2584; x_wconf 81' lang='lat' dir='ltr'><strong>fratri</strong></span> <span class='ocrx_word' id='word_1_135' title='bbox 960 2514 1017 2586; x_wconf 81' lang='lat' dir='ltr'><strong>Si·</strong></span> 
     </span>
     <span class='ocr_line' id='line_1_23' title="bbox 37 2615 1017 2709; baseline 0.003 -28"><span class='ocrx_word' id='word_1_136' title='bbox 37 2617 146 2705; x_wconf 83' lang='lat' dir='ltr'><strong>gurdi</strong></span> <span class='ocrx_word' id='word_1_137' title='bbox 162 2616 345 2709; x_wconf 75' lang='lat' dir='ltr'><strong>dynastae3</strong></span> <span class='ocrx_word' id='word_1_138' title='bbox 373 2617 406 2686; x_wconf 89' lang='lat' dir='ltr'><strong>is</strong></span> <span class='ocrx_word' id='word_1_139' title='bbox 420 2619 543 2687; x_wconf 89' lang='lat' dir='ltr'><strong>multo</strong></span> <span class='ocrx_word' id='word_1_140' title='bbox 559 2617 633 2686; x_wconf 78' lang='lat' dir='ltr'><strong>luit</strong></span> <span class='ocrx_word' id='word_1_141' title='bbox 648 2629 757 2688; x_wconf 83' lang='lat' dir='ltr'><strong>aetate</strong></span> <span class='ocrx_word' id='word_1_142' title='bbox 775 2615 917 2703; x_wconf 83' lang='lat' dir='ltr'><strong>minor,</strong></span> <span class='ocrx_word' id='word_1_143' title='bbox 947 2616 1017 2684; x_wconf 87' lang='lat' dir='ltr'><strong>mi·</strong></span> 
     </span>
     <span class='ocr_line' id='line_1_24' title="bbox 35 2716 1014 2809; baseline 0.002 -27"><span class='ocrx_word' id='word_1_144' title='bbox 35 2717 214 2806; x_wconf 73' lang='lat' dir='ltr'><strong>notisque</strong></span> <span class='ocrx_word' id='word_1_145' title='bbox 229 2720 455 2800; x_wconf 73' lang='lat' dir='ltr'><strong>aestimatus,</strong></span> <span class='ocrx_word' id='word_1_146' title='bbox 486 2742 609 2809; x_wconf 90' lang='lat' dir='ltr'><strong>neque</strong></span> <span class='ocrx_word' id='word_1_147' title='bbox 627 2717 708 2786; x_wconf 89' lang='lat' dir='ltr'><strong>ullo</strong></span> <span class='ocrx_word' id='word_1_148' title='bbox 724 2716 881 2788; x_wconf 80' lang='lat' dir='ltr'><strong>honoris</strong></span> <span class='ocrx_word' id='word_1_149' title='bbox 902 2716 1014 2784; x_wconf 89' lang='lat' dir='ltr'><strong>titulo</strong></span> 
     </span>
     <span class='ocr_line' id='line_1_25' title="bbox 36 2820 1015 2911; baseline 0.003 -29"><span class='ocrx_word' id='word_1_150' title='bbox 36 2831 209 2900; x_wconf 79' lang='lat' dir='ltr'><strong>ornatus3</strong></span> <span class='ocrx_word' id='word_1_151' title='bbox 251 2835 380 2888; x_wconf 87' lang='lat' dir='ltr'><strong>tamen</strong></span> <span class='ocrx_word' id='word_1_152' title='bbox 403 2820 560 2911; x_wconf 81' lang='lat' dir='ltr'><strong>globum</strong></span> <span class='ocrx_word' id='word_1_153' title='bbox 588 2820 771 2906; x_wconf 78' lang='lat' dir='ltr'><strong>juvenum</strong></span> <span class='ocrx_word' id='word_1_154' title='bbox 791 2839 858 2894; x_wconf 77' lang='lat' dir='ltr'><strong>suo</strong></span> <span class='ocrx_word' id='word_1_155' title='bbox 883 2829 1015 2894; x_wconf 78' lang='lat' dir='ltr'><strong>sumtu</strong></span> 
     </span>
     <span class='ocr_line' id='line_1_26' title="bbox 34 2915 1014 3009; baseline -0.002 -25"><span class='ocrx_word' id='word_1_156' title='bbox 34 2919 137 3004; x_wconf 88' lang='lat' dir='ltr'><strong>aluit,</strong></span> <span class='ocrx_word' id='word_1_157' title='bbox 155 2935 194 2986; x_wconf 89' lang='lat' dir='ltr'><strong>et</strong></span> <span class='ocrx_word' id='word_1_158' title='bbox 209 2941 277 3008; x_wconf 87' lang='lat' dir='ltr'><strong>per</strong></span> <span class='ocrx_word' id='word_1_159' title='bbox 296 2933 439 2988; x_wconf 84' lang='lat' dir='ltr'><strong>aestates</strong></span> <span class='ocrx_word' id='word_1_160' title='bbox 448 2919 781 3009; x_wconf 81' lang='lat' dir='ltr'><strong>piraticaeoperam</strong></span> <span class='ocrx_word' id='word_1_161' title='bbox 795 2915 908 2984; x_wconf 85' lang='lat' dir='ltr'><strong>dedit.</strong></span> <span class='ocrx_word' id='word_1_162' title='bbox 932 2917 1014 2996; x_wconf 78' lang='lat' dir='ltr'><strong>Rex</strong></span> 
     </span>
     <span class='ocr_line' id='line_1_27' title="bbox 34 3013 1014 3105; baseline -0.004 -17"><span class='ocrx_word' id='word_1_163' title='bbox 34 3019 219 3088; x_wconf 85' lang='lat' dir='ltr'><strong>Haraldus</strong></span> <span class='ocrx_word' id='word_1_164' title='bbox 233 3021 406 3088; x_wconf 87' lang='lat' dir='ltr'><strong>homines</strong></span> <span class='ocrx_word' id='word_1_165' title='bbox 425 3019 467 3086; x_wconf 92' lang='lat' dir='ltr'><strong>in</strong></span> <span class='ocrx_word' id='word_1_166' title='bbox 478 3017 805 3091; x_wconf 77' lang='lat' dir='ltr'><strong>Thrandheimum</strong></span> <span class='ocrx_word' id='word_1_167' title='bbox 815 3013 862 3084; x_wconf 89' lang='lat' dir='ltr'><strong>ad</strong></span> <span class='ocrx_word' id='word_1_168' title='bbox 881 3013 1014 3105; x_wconf 78' lang='lat' dir='ltr'><strong>dynas-</strong></span> 
     </span>
     <span class='ocr_line' id='line_1_28' title="bbox 31 3115 1014 3208; baseline -0.001 -23"><span class='ocrx_word' id='word_1_169' title='bbox 31 3133 120 3205; x_wconf 83' lang='lat' dir='ltr'><strong>tam,</strong></span> <span class='ocrx_word' id='word_1_170' title='bbox 153 3141 244 3186; x_wconf 87' lang='lat' dir='ltr'><strong>cum</strong></span> <span class='ocrx_word' id='word_1_171' title='bbox 257 3121 478 3189; x_wconf 82' lang='lat' dir='ltr'><strong>muneribus</strong></span> <span class='ocrx_word' id='word_1_172' title='bbox 498 3132 536 3186; x_wconf 88' lang='lat' dir='ltr'><strong>et</strong></span> <span class='ocrx_word' id='word_1_173' title='bbox 557 3119 730 3208; x_wconf 83' lang='lat' dir='ltr'><strong>speciosis</strong></span> <span class='ocrx_word' id='word_1_174' title='bbox 745 3115 791 3188; x_wconf 87' lang='lat' dir='ltr'><strong>ad</strong></span> <span class='ocrx_word' id='word_1_175' title='bbox 810 3115 1014 3185; x_wconf 87' lang='lat' dir='ltr'><strong>amicitiam</strong></span> 
     </span>
     <span class='ocr_line' id='line_1_29' title="bbox 31 3215 1011 3315; baseline -0.002 -31"><span class='ocrx_word' id='word_1_176' title='bbox 31 3221 166 3308; x_wconf 76' lang='lat' dir='ltr'><strong>verbiS,</strong></span> <span class='ocrx_word' id='word_1_177' title='bbox 179 3220 292 3306; x_wconf 83' lang='lat' dir='ltr'><strong>misit,</strong></span> <span class='ocrx_word' id='word_1_178' title='bbox 318 3219 536 3315; x_wconf 82' lang='lat' dir='ltr'><strong>significans,</strong></span> <span class='ocrx_word' id='word_1_179' title='bbox 558 3243 597 3287; x_wconf 89' lang='lat' dir='ltr'><strong>se</strong></span> <span class='ocrx_word' id='word_1_180' title='bbox 614 3220 730 3289; x_wconf 87' lang='lat' dir='ltr'><strong>talem</strong></span> <span class='ocrx_word' id='word_1_181' title='bbox 745 3215 845 3292; x_wconf 74' lang='lat' dir='ltr'><strong>velte</strong></span> <span class='ocrx_word' id='word_1_182' title='bbox 861 3237 951 3284; x_wconf 88' lang='lat' dir='ltr'><strong>cum</strong></span> <span class='ocrx_word' id='word_1_183' title='bbox 967 3236 1011 3282; x_wconf 88' lang='lat' dir='ltr'><strong>eo</strong></span> 
     </span>
     <span class='ocr_line' id='line_1_30' title="bbox 30 3315 1011 3410; baseline -0.002 -24"><span class='ocrx_word' id='word_1_184' title='bbox 30 3319 122 3387; x_wconf 89' lang='lat' dir='ltr'><strong>inire</strong></span> <span class='ocrx_word' id='word_1_185' title='bbox 140 3321 368 3409; x_wconf 84' lang='lat' dir='ltr'><strong>amicitiam,</strong></span> <span class='ocrx_word' id='word_1_186' title='bbox 404 3321 521 3410; x_wconf 90' lang='lat' dir='ltr'><strong>qualis</strong></span> <span class='ocrx_word' id='word_1_187' title='bbox 538 3321 638 3388; x_wconf 84' lang='lat' dir='ltr'><strong>inter</strong></span> <span class='ocrx_word' id='word_1_188' title='bbox 655 3341 744 3386; x_wconf 90' lang='lat' dir='ltr'><strong>eum</strong></span> <span class='ocrx_word' id='word_1_189' title='bbox 760 3329 798 3382; x_wconf 90' lang='lat' dir='ltr'><strong>et</strong></span> <span class='ocrx_word' id='word_1_190' title='bbox 812 3315 1011 3396; x_wconf 85' lang='lat' dir='ltr'><strong>Hakonem</strong></span> 
     </span>
     <span class='ocr_line' id='line_1_31' title="bbox 30 3414 1012 3511; baseline -0.006 -25"><span class='ocrx_word' id='word_1_191' title='bbox 30 3420 180 3500; x_wconf 57' lang='lat' dir='ltr'><strong>fuissem</strong></span> <span class='ocrx_word' id='word_1_192' title='bbox 213 3421 286 3489; x_wconf 89' lang='lat' dir='ltr'><strong>hoc</strong></span> <span class='ocrx_word' id='word_1_193' title='bbox 304 3443 456 3511; x_wconf 90' lang='lat' dir='ltr'><strong>quoque</strong></span> <span class='ocrx_word' id='word_1_194' title='bbox 477 3421 518 3488; x_wconf 87' lang='lat' dir='ltr'><strong>in</strong></span> <span class='ocrx_word' id='word_1_195' title='bbox 534 3419 718 3491; x_wconf 81' lang='lat' dir='ltr'><strong>mandatis</strong></span> <span class='ocrx_word' id='word_1_196' title='bbox 737 3429 835 3486; x_wconf 90' lang='lat' dir='ltr'><strong>erat:</strong></span> <span class='ocrx_word' id='word_1_197' title='bbox 865 3414 1012 3494; x_wconf 83' lang='lat' dir='ltr'><strong>veniret</strong></span> 
     </span>
     <span class='ocr_line' id='line_1_32' title="bbox 31 3515 1011 3614; baseline -0.009 -27"><span class='ocrx_word' id='word_1_198' title='bbox 31 3521 182 3612; x_wconf 79' lang='lat' dir='ltr'><strong>dynasta</strong></span> <span class='ocrx_word' id='word_1_199' title='bbox 197 3522 244 3590; x_wconf 88' lang='lat' dir='ltr'><strong>ad</strong></span> <span class='ocrx_word' id='word_1_200' title='bbox 263 3541 393 3614; x_wconf 82' lang='lat' dir='ltr'><strong>regem</strong></span> <span class='ocrx_word' id='word_1_201' title='bbox 407 3519 635 3608; x_wconf 84' lang='lat' dir='ltr'><strong>Hamldum,</strong></span> <span class='ocrx_word' id='word_1_202' title='bbox 664 3533 701 3591; x_wconf 88' lang='lat' dir='ltr'><strong>et</strong></span> <span class='ocrx_word' id='word_1_203' title='bbox 718 3516 896 3586; x_wconf 81' lang='lat' dir='ltr'><strong>sicambe</strong></span> <span class='ocrx_word' id='word_1_204' title='bbox 913 3515 1011 3587; x_wconf 82' lang='lat' dir='ltr'><strong>inte·</strong></span> 
     </span>
     <span class='ocr_line' id='line_1_33' title="bbox 30 3616 1011 3716; baseline -0.006 -28"><span class='ocrx_word' id='word_1_205' title='bbox 30 3645 90 3716; x_wconf 81' lang='lat' dir='ltr'><strong>gra</strong></span> <span class='ocrx_word' id='word_1_206' title='bbox 105 3622 274 3691; x_wconf 88' lang='lat' dir='ltr'><strong>amicitia</strong></span> <span class='ocrx_word' id='word_1_207' title='bbox 288 3623 617 3714; x_wconf 79' lang='lat' dir='ltr'><strong>conjungerentur.</strong></span> <span class='ocrx_word' id='word_1_208' title='bbox 663 3617 841 3714; x_wconf 75' lang='lat' dir='ltr'><strong>Sigurdus</strong></span> <span class='ocrx_word' id='word_1_209' title='bbox 856 3616 1011 3708; x_wconf 86' lang='lat' dir='ltr'><strong>dynasta</strong></span> 
     </span>
     <span class='ocr_line' id='line_1_34' title="bbox 29 3714 1009 3818; baseline -0.004 -30"><span class='ocrx_word' id='word_1_210' title='bbox 29 3722 259 3818; x_wconf 84' lang='lat' dir='ltr'><strong>legationem</strong></span> <span class='ocrx_word' id='word_1_211' title='bbox 270 3737 311 3790; x_wconf 88' lang='lat' dir='ltr'><strong>et</strong></span> <span class='ocrx_word' id='word_1_212' title='bbox 322 3723 488 3791; x_wconf 87' lang='lat' dir='ltr'><strong>oblatam</strong></span> <span class='ocrx_word' id='word_1_213' title='bbox 501 3743 619 3814; x_wconf 85' lang='lat' dir='ltr'><strong>arege</strong></span> <span class='ocrx_word' id='word_1_214' title='bbox 632 3719 835 3792; x_wconf 81' lang='lat' dir='ltr'><strong>amicitiam</strong></span> <span class='ocrx_word' id='word_1_215' title='bbox 844 3714 1009 3804; x_wconf 81' lang='lat' dir='ltr'><strong>benigne</strong></span> 
     </span>
     <span class='ocr_line' id='line_1_35' title="bbox 28 3813 1009 3924; baseline -0.004 -36"><span class='ocrx_word' id='word_1_216' title='bbox 28 3813 1009 3924; x_wconf 68' lang='lat' dir='ltr'><strong>accepit,multiplicesoccupationesexcusansquod</strong></span> 
     </span>
     <span class='ocr_line' id='line_1_36' title="bbox 26 3921 1008 4017; baseline -0.004 -28"><span class='ocrx_word' id='word_1_217' title='bbox 26 3945 153 4017; x_wconf 82' lang='lat' dir='ltr'><strong>regem</strong></span> <span class='ocrx_word' id='word_1_218' title='bbox 166 3925 368 3996; x_wconf 82' lang='lat' dir='ltr'><strong>convenire</strong></span> <span class='ocrx_word' id='word_1_219' title='bbox 383 3946 459 3994; x_wconf 87' lang='lat' dir='ltr'><strong>non</strong></span> <span class='ocrx_word' id='word_1_220' title='bbox 474 3937 610 4016; x_wconf 65' lang='lat' dir='ltr'><strong>possen</strong></span> <span class='ocrx_word' id='word_1_221' title='bbox 625 3921 705 4016; x_wconf 77' lang='lat' dir='ltr'><strong>regi</strong></span> <span class='ocrx_word' id='word_1_222' title='bbox 721 3940 819 4006; x_wconf 80' lang='lat' dir='ltr'><strong>vero,</strong></span> <span class='ocrx_word' id='word_1_223' title='bbox 834 3938 903 4009; x_wconf 82' lang='lat' dir='ltr'><strong>pro</strong></span> <span class='ocrx_word' id='word_1_224' title='bbox 916 3935 1008 3986; x_wconf 74' lang='lat' dir='ltr'><strong>oms·</strong></span> 
     </span>
    </p>
   </div>
   <div class='ocr_carea' id='block_1_3' title="bbox 69 4055 288 4123">
    <p class='ocr_par' dir='ltr' id='par_1_5' title="bbox 69 4055 288 4123">
     <span class='ocr_line' id='line_1_37' title="bbox 69 4055 288 4123; baseline 0.014 -19"><span class='ocrx_word' id='word_1_225' title='bbox 69 4057 101 4123; x_wconf 86' lang='lat'><strong>¹)</strong></span> <span class='ocrx_word' id='word_1_226' title='bbox 121 4073 233 4122; x_wconf 77' lang='lat' dir='ltr'><strong>agnum,</strong></span> <span class='ocrx_word' id='word_1_227' title='bbox 258 4055 288 4107; x_wconf 82' lang='lat' dir='ltr'><strong>F.</strong></span> 
     </span>
    </p>
   </div>
   <div class='ocr_carea' id='block_1_4' title="bbox 660 4095 813 4196">
    <p class='ocr_par' dir='ltr' id='par_1_6' title="bbox 660 4095 813 4196">
     <span class='ocr_line' id='line_1_38' title="bbox 660 4095 813 4196; baseline 0 0"><span class='ocrx_word' id='word_1_228' title='bbox 660 4095 813 4196; x_wconf 65' lang='lat' dir='ltr'><strong>&#39;aa</strong></span> 
     </span>
    </p>
   </div>
   <div class='ocr_carea' id='block_1_5' title="bbox 0 0 1268 4782">
    <p class='ocr_par' dir='ltr' id='par_1_7' title="bbox 0 0 1268 4782">
     <span class='ocr_line' id='line_1_39' title="bbox 0 0 1268 4782; baseline 0 5"><span class='ocrx_word' id='word_1_229' title='bbox 0 0 1268 4782; x_wconf 95' lang='lat' dir='ltr'><strong> </strong></span> 
     </span>
    </p>
   </div>
  </div>
 </body>
</html>
