2526 4782
299 263 367 358 84
486 351 488 356 ,
585 235 858 354 'm
1031 283 1066 342 c.
1090 267 1224 345 razn.

243 517 370 568 versus
404 487 637 588 Norvegiam'
664 477 951 583 praetervectus,
982 489 1024 561 in'
1057 493 1225 564 Daniam
1257 499 1258 588 j

244 596 434 688 pervenit,
461 595 526 662 ubi
543 595 753 665 Haraldum
772 593 904 664 Gormi
921 593 1066 679 silium,
1094 599 1222 664 Dano—
1257 599 1258 624 ¹

245 717 331 766 rum
363 712 512 789 regern,
542 695 789 780 conveniens,
826 693 987 786 benigne
1023 693 1221 785 excipitur,

165 859 167 874 ‚
244 795 966 887 hiememqueapudeumcommoratur.¹
996 799 1121 866 -Tum
1132 819 1223 884 quo-

247 921 319 986 que
338 921 425 966 cum
439 899 639 967 Danorum
657 895 969 986 regerersabatur
978 893 1037 962 vir
1054 895 1221 986 quidam,

245 998 399 1067 nomine
418 995 618 1081 Haraldus‚
640 994 741 1074 filius
760 996 877 1063 Knuti
896 995 1029 1065 Gormi
1048 997 1131 1084 filii,
1148 998 1225 1066 Ha·

247 1096 365 1166 araldi
382 1097 479 1193 regis
500 1119 545 1164 ex
570 1096 685 1163 fratre
705 1117 845 1184 nep0s3
874 1095 906 1164 is
931 1117 976 1162 ex
991 1096 1151 1185 piratica
1170 1119 1225 1163 re·
1257 1101 1258 1184 1

248 1201 387 1283 dierat,
412 1197 454 1264 iu
488 1195 654 1288 quadiu
677 1208 861 1282 versatus,
894 1194 1087 1290 ingentem
1108 1218 1227 1286 pecu·
1257 1199 1258 1220 ¹

246 1299 398 1366 niarum
415 1298 493 1365 vim
509 1295 781 1383 cumulaverat,
815 1315 931 1386 quare
947 1296 1132 1365 Haraldus
1151 1301 1226 1365 Au·

246 1391 597 1502 rosusbronv‘ngeeoa)
607 1397 891 1489 cognominatus
903 1409 975 1481 est3
990 1396 1226 1464 adhuncim-

247 1497 398 1590 perium
410 1497 543 1566 Dauiae
556 1497 638 1586 jure
658 1496 847 1586 pertinere
863 1497 974 1594 vulgo
992 1495 1224 1566 credebatur.

378 1596 440 1666 De
463 1596 625 1689 imperio
651 1597 890 1666 Gunnlzildoe
909 1596 1091 1685 filiorum.

300 1698 387 1788 Cap.
407 1705 472 1768 42..
486 1699 567 1768 Rex
583 1695 768 1766 Haraldus
788 1696 985 1786 Grafeldus
1012 1709 1049 1762 et
1067 1697 1226 1766 fratrest

250 1799 330 1882 ejus
357 1797 482 1886 copias
505 1797 546 1862 in
565 1793 892 1872 Thrandheimum
917 1797 1126 1882 duxerunt,
1162 1821 1228 1864 ne-

247 1899 352 1966 mine
369 1898 447 1983 jam
469 1897 677 1982 resistente,
704 1895 947 1986 (abscesserat
973 1895 1076 1966 euim
1091 1896 1230 1966 Hakon

250 1997 446 2088 dynasta),
471 1995 599 2085 ibique
626 2018 757 2063 census
782 2009 821 2074 et
847 1997 989 2064 tributa
1020 2019 1230 2088 omnesque

249 2098 372 2190 regios
389 2096 532 2164 reditus
552 2109 776 2187 exegerunt,
805 2111 843 2163 et
858 2096 985 2164 adhaec
1005 2098 1148 2166 celenis
1172 2098 1230 2163 in-

250 2211 404 2288 gentem
426 2196 597 2290 pecunia
615 2197 799 2264 mulctam
817 2196 1094 2292 irrogaverunt,
1128 2196 1231 2288 quod

249 2317 355 2392 reges
374 2297 486 2392 longo
502 2297 578 2384 jam
594 2310 765 2384 tempore
782 2297 1159 2386 parumtributorum
1186 2319 1231 2364 ex
1257 2311 1258 2354 ἒ

251 2395 532 2468 Thrandheimo
570 2407 836 2486 perceperant,
877 2396 1058 2494 quamdiu
1093 2400 1232 2468 Hakon

252 2495 407 2588 dynasta
423 2495 1231 2589 regionemmagnocumexercituiusidens,
1257 2553 1258 2566 ,

249 2592 348 2664 bella
366 2619 452 2664 cum
462 2595 610 2690 regibus
622 2609 795 2694 gesserat.
848 2596 1030 2690 Sequenti
1044 2611 1231 2666 autumno

250 2719 317 2766 rex
341 2693 529 2766 Haraldus
556 2697 596 2764 in
624 2695 825 2766 australes²
854 2697 961 2792 regni
987 2712 1113 2788 partes
1142 2711 1258 2780 cum}

250 2796 441 2886 plerisque
457 2794 652 2882 militibus,
672 2796 738 2886 qui
751 2795 804 2864 ibi
820 2793 1010 2880 domicilia
1026 2798 1232 2886 habebant,

250 2897 441 2987 profectus
462 2910 540 2978 ests
563 2896 747 2966 Eriendus
764 2919 852 2965 vero
875 2919 964 2966 cum
981 2898 1057 2966 suis
1080 2921 1232 2966 reman-
1257 2903 1258 2916 ¹

250 2997 317 3082 sit,
343 2995 405 3064 hic
423 2997 575 3064 colenus
602 2997 777 3090 gravibus
800 2997 1056 3066 exactionibus
1081 2999 1233 3066 vexavit

252 3111 290 3162 et
307 3097 478 3164 acerbius
498 3117 561 3163 eos
570 3097 752 3164 tractavit.
797 3098 1061 3188 Quarelcoloni
1077 3100 1232 3168 obmur-

249 3217 401 3264 murare
426 3194 656 3286 co'nsiliaque
674 3195 845 3264 conferre
860 3210 1068 3287 coeperunt,
1088 3213 1127 3266 et
1145 3216 1234 3290 post

251 3293 383 3364 eadem
407 3295 541 3362 'hieme
583 3295 751 3384 undique
772 3299 1044 3388 ‚convolantem
1090 3321 1231 3393 magno
1257 3291 1258 3362 i

252 3391 385 3478 effecto
403 3393 591 3482 exercitu,
614 3396 787 3464 adversus
805 3417 934 3488 regem
956 3397 1161 3468 Erlendum
1190 3402 1233 3469 in
1257 3389 1258 3452 Ϊ

252 3493 423 3564 convivio
439 3496 689 3566 coustitutum
706 3499 995 3588 contenderunt,
1020 3512 1167 3567 etcum
1185 3525 1229 3568 eo

253 3595 522 3680 conflixerunt3
540 3597 754 3686 quopraelio
765 3597 1024 3670 rexErlendus
1040 3599 1232 3690 multique
1257 3581 1258 3660 i

252 3713 341 3764 cum
361 3717 404 3764 eo
420 3694 594 3782 homiues
621 3697 799 3767 cecidere.

410 3798 540 3864 Natus
570 3799 713 3866 Olenus
740 3797 775 3868 T
771 3798 923 3892 ryggvii
937 3798 1062 3892 filius.
1257 3819 1258 3888 ζ

306 3891 393 3984 Cap..¹
414 3899 466 3968 ta.
483 3895 633 3964 Astrida
649 3895 748 3965 dicta
767 3910 824 3964 est
835 3896 997 3987 feminas
1024 3923 1139 3990 quam
1162 3925 1229 3969 rex
1257 3899 1258 3956 ἶ

253 3993 468 4086 Try'ggrius
479 3995 586 4064 Olavi
601 3995 751 4066 filiusin
765 3999 1003 4067 matrimonio
1023 4002 1230 4088 habueram

259 4115 323 4193 ¹¹¹)
342 4123 530 4192 hanerocem,
555 4124 716 4196 quaeabesse
736 4143 788 4176 non
808 4134 908 4196 potest,
935 4127 995 4180 add.
1012 4129 1043 4180 B.
1084 4119 1113 4199 ²)
1138 4135 1230 4183 orien-

250 4214 322 4281 tales,
343 4211 373 4273 C.
